3100 4925
428 459 483 511 J.
501 460 567 511 c,
590 458 699 526 ss]

1136 453 1573 506 ausisausis·
1596 456 1745 507 ma.
1791 451 1936 508 xit.
1971 520 1979 528 ‚

2443 444 2630 536 ‚isso

1411 635 1639 691 14OEAE

425 750 583 800 fiisse
617 748 882 800 Adada
914 750 1159 812 πέπανται,
1179 754 1235 798 et
1272 749 1350 799 sic
1369 763 1485 800 eam

426 826 620 891 unque
638 832 792 875 vocat
811 826 1016 890 passim,
1037 831 1092 874 et
1114 825 1166 875 in
1191 825 1306 891 ipso
1329 833 1485 875 stem·

424 909 564 953 mate
585 901 826 965 Augusti.

457 975 596 1025 Sed
630 983 1012 1041 tamenoperae
1055 975 1279 1041 pretium
1322 975 1485 1027 fuerit

424 1050 743 1114 expendere,
777 1065 878 1115 qna
914 1057 1092 1114 aetate,
1127 1066 1233 1117 qua
1264 1053 1486 1102 necessi-

423 1132 554 1190 tate,
566 1126 632 1176 'et
651 1141 754 1192 qua
781 1141 937 1176 causa
972 1129 1226 1192 nupserit,
1263 1144 1353 1179 seu
1391 1145 1484 1193 po-

423 1203 549 1262 tius,
579 1203 772 1253 nubere
796 1210 979 1254 coacta
1013 1204 1101 1268 sit,
1122 1203 1349 1257 Antonia
1370 1207 1481 1255 Do·

421 1279 572 1341 uitii,
589 1291 707 1342 quae
730 1279 871 1342 prior
891 1280 1083 1344 nupsit.

486 1353 674 1418 ltaque
694 1352 762 1403 de
785 1355 897 1419 ejus
916 1355 1335 1407 matrimonioaie
1356 1357 1483 1420 Dio,

415 1430 461 1481 1.
481 1442 632 1480 mx.
671 1430 740 1480 ad
774 1445 964 1481 aunum
1003 1436 1122 1483 717.
1157 1432 1244 1484 ubi
1278 1433 1344 1483 de
1372 1432 1481 1483 Au-

405 1510 574 1570 gusto
612 1512 669 1554 et
711 1504 936 1556 Antonio
975 1507 1274 1559 Triumviris
1311 1508 1376 1559 R.
1417 1511 1478 1561 C.

418 1580 679 1645 loquitur·
713 1580 731 1609 ‘
753 1582 978 1647 Quoquo
996 1583 1229 1646 pluribus
1259 1586 1481 1635 necessi-

419 1655 657 1706 tudinum
677 1656 895 1707 vinculis
912 1657 1279 1722 obligarentur,
1302 1660 1480 1709 Caesar

419 1729 671 1782 Antbullo
709 1731 925 1784 Antonii
959 1731 1066 1782 filio
1114 1733 1273 1784 filiam
1318 1750 1482 1800 sinam,

421 1821 484 1858 au
505 1812 688 1857 contra
712 1807 967 1858 Antonius
981 1871 988 1878 .
1002 1823 1144 1858 suam
1163 1824 1230 1858 ex
1253 1809 1478 1861 Octavia

415 1879 578 1932 filiam
616 1882 872 1945 Domitio,
915 1896 1207 1947 quanquam
1245 1884 1288 1933 is
1324 1891 1380 1935 et
1409 1901 1475 1936 ex

417 1960 808 2023 percussoribus
831 1961 1050 2011 Caesaris
1080 1975 1211 2012 unus
1231 1968 1388 2026 esset,
1419 1971 1496 2016 et.

417 2037 741 2101 proscriptus
762 2034 970 2100 fuisset,
990 2036 1413 2103 desponderunt!

482 2113 554 2164 Et
576 2112 652 2161 sic
673 2112 1050 2162 matrimonium
1077 2113 1209 2163 illud
1237 2113 1338 2165 fuit
1371 2115 1478 2164 vel-

415 2185 495 2242 uu
540 2187 797 2236 vinculum
835 2186 1044 2237 federis
1098 2189 1237 2239 inter
1278 2189 1479 2239 Trium-

414 2260 553 2312 viros
574 2260 906 2332 fautoresque
936 2264 1141 2314 illorum
1179 2266 1316 2328 initi,
1338 2266 1477 2316 inter

415 2337 554 2388 bella
593 2339 779 2390 civilia.
851 2339 1055 2405 -Sicqne
1093 2342 1147 2391 iu
1204 2342 1258 2391 id
1315 2342 1474 2407 deligi

415 2415 590 2479 puella
632 2414 829 2477 debuit,
868 2431 983 2481 quae
1037 2416 1286 2467 maturior
1328 2418 1474 2469 aunis

413 2497 574 2553 esset,
596 2497 653 2540 et
673 2498 799 2542 natu
822 2494 1003 2556 maior.

482 2568 776 2618 Necessitas
795 2568 996 2632 aderat,
1015 2574 1074 2620 et
1098 2575 1356 2633 praeterea
1376 2570 1472 2620 eti·

418 2657 499 2700 am
520 2643 647 2693 ordo
665 2645 910 2694 nascendi
942 2651 1000 2695 et
1017 2646 1331 2696 verecundia
1348 2653 1476 2696 oeta·

412 2718 483 2768 tis
505 2720 733 2783 spectari
755 2721 1020 2785 praecipue
1055 2721 1236 2772 debuit
1267 2722 1322 2771 in
1342 2736 1472 2786 nup-

411 2795 502 2845 tiis
521 2796 641 2860 illis,
670 2798 802 2849 etin
836 2798 1236 2849 reconciliandis
1258 2799 1471 2859 animis3

409 2870 492 2922 ita
506 2877 566 2922 ut
578 2873 836 2923 narbet-ent
858 2873 1042 2936 puellae
1058 2875 1239 2924 ordine
1253 2882 1473 2937 naturoe,

415 2962 509 2997 seu
542 2963 638 3013 pro
674 2949 854 2999 ordine
883 2951 1159 3011 nascendi;
1193 2966 1289 3003 nee
1308 2944 1473 3001 solum

413 3020 745 3088 verecundia,
762 3024 854 3074 sed
876 3025 1034 3077 etiam
1049 3026 1271 3091 dignitas
1286 3030 1474 3091 astatis,

411 3101 642 3164 spectari
684 3101 872 3164 potuit,
911 3107 968 3151 et
1002 3101 1186 3152 debuit
1227 3118 1292 3153 eo
1333 3118 1474 3168 casu,

411 3189 520 3240 quo
561 3173 781 3227 affinitas
832 3176 924 3227 illa
975 3178 1138 3242 magis
1193 3179 1473 3242 conspicua

411 3257 574 3304 emet.

478 3327 688 3378 Addam
704 3333 780 3394 et,
793 3335 965 3380 amota
984 3329 1315 3392 necessitate,
1334 3331 1475 3393 puel·

409 3403 517 3453 lam
550 3404 723 3467 istam,
746 3421 860 3470 quae
894 3405 1160 3469 praecipuc
1194 3403 1380 3468 forma,
1401 3406 1474 3456 in·

413 3478 588 3543 genio,
610 3493 672 3529 ac
693 3480 889 3529 virtute
912 3481 1260 3544 praecellerct,
1282 3480 1397 3530 dari
1417 3488 1474 3530 et

415 3554 564 3617 seligi
604 3553 844 3605 debuisse
882 3555 1079 3615 Druso,
1126 3555 1212 3619 qui
1254 3554 1471 3604 virtutes

414 3636 655 3694 artesque
689 3644 866 3680 omnes
899 3629 1022 3680 beni
1055 3644 1118 3679 ac
1141 3630 1287 3694 pacis
1321 3644 1472 3680 occu-

412 3710 585 3769 parat,
605 3704 692 3769 qui
727 3710 785 3754 et
823 3705 940 3767 ipse
974 3718 1117 3754 amor
1150 3704 1254 3754 fuit
1291 3706 1475 3769 populi

413 3779 654 3842 Romani,
692 3780 781 3845 qui
814 3779 951 3830 filius
1007 3780 1167 3830 Livioe
1206 3780 1476 3844 Augustae,

413 3857 502 3921 qui
531 3856 644 3920 ipse
678 3857 942 3921 privignus
975 3865 1031 3908 et
1069 3872 1213 3907 amor
1234 3857 1473 3922 Augusti,

415 3932 502 3998 qui
524 3932 659 3983 forte
681 3942 969 3997 conceptus
991 3949 1058 3984 ex
1078 3934 1210 3998 ipso,
1232 3940 1289 3985 et
1310 3935 1473 3998 quiin

411 4009 689 4074 penatibus
734 4008 1032 4074 Augustaeis
1068 4017 1220 4076 natus
1255 4017 1386 4071 erat,
1416 4017 1473 4060 et

415 4086 504 4150 qui
515 4087 629 4150 ,iam
650 4087 870 4136 caritate
908 4093 963 4135 et
992 4086 1243 4149 dignitate
1279 4086 1473 4148 Caesar,

414 4167 510 4212 aut
526 4161 690 4211 instar
713 4162 932 4212 creastis
953 4167 1111 4224 esset,
1133 4161 1338 4225 qualem
1362 4160 1474 4211 Cae-

405 4249 583 4287 sarem
623 4244 680 4286 et
727 4251 1077 4289 successorem
1128 4236 1223 4286 sibi
1272 4237 1477 4300 optavit

409 4327 560 4379 sape
583 4346 588 4351 -
612 4314 911 4380 Augustusa
951 4328 955 4335 ·
988 4314 1156 4381 qualis
1204 4312 1308 4366 fuit
1354 4330 1477 4367 mox

1565 749 1904 803 &manicas
1924 752 2075 818 filius,
2096 755 2187 820 qui
2213 756 2438 806 virtutes
2460 757 2624 821 ipsius

1565 841 1762 890 omnes,
1800 830 1960 880 veluti
1998 838 2183 881 natura
2210 833 2376 882 hoeres
2400 847 2622 886 summus

1568 909 1623 953 et
1644 904 1813 966 heros,
1826 914 2126 970 exceperat.

1629 979 1758 1032 Quae
1793 981 1942 1032 dotes
1977 984 2200 1033 maxime
2240 983 2623 1036 conveniebant

1563 1053 1789 1105 Antoaioe
1833 1058 2025 1118 ηιίηονί,
2064 1059 2249 1124 quibus
2297 1061 2411 1124 ipsa
2465 1060 2623 1126 digna

1562 1138 1698 1194 erat,
1721 1133 1841 1196 quia
1860 1133 1973 1183 illas
2006 1133 2120 1198 ipsa
2143 1135 2463 1199 possidebat,
2498 1136 2623 1201 quia

1561 1207 1757 1257 virtute
1801 1208 2061 1259 eminebat
2103 1209 2231 1273 ipsa,
2274 1211 2328 1262 in
2372 1217 2625 1276 quantum

1565 1282 1724 1331 virtus
1762 1283 2012 1348 sequioris
2049 1284 2202 1349 hujus
2222 1300 2373 1334 sexus
2395 1285 2620 1352 intelligi

1561 1362 1754 1419 potest.

1628 1432 1780 1482 Hanc
1834 1434 2103 1498 praeeipue
2145 1435 2324 1484 laudat
2376 1435 2623 1486 Valerius

1561 1507 1705 1556 Max.
1737 1512 1888 1559 ΠΛ.
1920 1512 1936 1538 ⁴
1958 1507 2189 1559 Antonia
2218 1521 2421 1575 quoque
2453 1509 2620 1560 foemi-

1559 1596 1629 1630 na
1648 1581 1885 1635 laudibus
1908 1583 2105 1632 virilem
2138 1583 2345 1634 familiae
2380 1595 2483 1635 suas
2518 1587 2622 1637 ela·

1558 1657 1768 1707 ritatem
1810 1672 2160 1723 supergressa,
2182 1673 2407 1710 amorem
2444 1662 2619 1713 mariti

1557 1735 1774 1798 egregia
1791 1734 1895 1785 fide
1918 1737 2189 1799 pensavit3
2223 1751 2339 1801 quae
2366 1745 2483 1801 post
2501 1740 2617 1805 rjus

1557 1825 1841 1875 excessum,
1879 1811 2049 1863 forma
2098 1818 2156 1863 et
2197 1819 2353 1863 aetate
2407 1813 2623 1880 florens,

1556 1885 1848 1936 cubiculum
1892 1902 2070 1938 socrus
2113 1887 2300 1954 (Liviae
2338 1889 2621 1957 Augustae)

1556 1975 1652 2023 pro
1689 1961 1928 2025 conjugio
1960 1962 2173 2024 babuit;
2213 1964 2266 2011 in
2290 1964 2475 2014 eodem
2499 1970 2617 2016 toro

1561 2037 1770 2087 alterius
1792 2035 2158 2088 adolescentiae
2188 2039 2336 2101 vigor
2356 2041 2618 2091 extinctus

1560 2118 1661 2175 est,
1726 2112 1938 2163 alterius
1979 2114 2248 2165 viduitatis
2290 2116 2620 2178 experientia

1558 2188 1860 2239 consenuit!
1924 2190 2011 2240 Sic
2055 2195 2110 2239 et
2148 2190 2457 2240 Plutarchus
2499 2206 2616 2241 eam

1556 2267 1712 2314 vocat
1732 2264 2010 2330 σωφροσύνῃ
2031 2264 2108 2314 καὶ
2127 2263 2296 2317 κάλλει
2317 2265 2616 2330 περιβόητον·

1556 2351 1672 2401 quae
1694 2352 1797 2387 non
1818 2338 2094 2388 convenire
2118 2338 2358 2387 videntur
2377 2339 2617 2394 Antonio

1557 2412 1799 2477 Domitii,
1818 2427 1937 2479 quae
1958 2413 2143 2478 ignota·
2155 2427 2362 2477 prorsus
2381 2415 2435 2465 in
2456 2415 2618 2469 histo·-

1552 2489 1634 2541 ria
1656 2489 1865 2541 videtur
1885 2505 2013 2540 esse.

1619 2566 1725 2617 Hic
1759 2571 1818 2615 et
1854 2564 2086 2630 adjicere
2120 2580 2406 2630 possumus,
2441 2568 2617 2633 couju-

1554 2641 1692 2706 gium
1714 2642 1936 2693 Domitii
1961 2642 2291 2706 precessisse
2320 2643 2493 2693 multis
2526 2654 2617 2694 au·

1551 2719 1633 2768 nis
1666 2719 2050 2770 matrimonium
2089 2719 2286 2768 Drusi:
2343 2720 2519 2784 sicque
2556 2727 2617 2770 et

1551 2795 1673 2846 exin
1710 2795 1933 2855 sudorem
1969 2795 2138 2858 ipsum
2175 2801 2303 2844 natu
2334 2793 2614 2846 Antoniam

1547 2871 1762 2920 duxisse
1787 2883 2019 2931 uxorem,
2038 2868 2235 2919 inferre
2264 2869 2407 2919 licet.
2458 2869 2613 2921 Anno

1550 2951 1668 2997 ⁷³8.
1692 2948 1751 2997 1..
1790 2945 2051 2997 Domitius
2087 2945 2182 2995 Cn.
2209 2943 2284 2994 fil.
2320 2945 2421 2995 Cu.
2451 2952 2616 3010 nepos

1550 3022 1872 3074 AEuobarbus
1917 3023 2239 3074 consulatum
2273 3020 2475 3072 babuit.
2541 3023 2613 3073 Et

1551 3099 1758 3149 Drusus
1773 3104 1969 3165 praetor
1979 3105 2185 3149 creatus
2204 3104 2287 3148 est
2304 3110 2438 3147 auno
2458 3100 2574 3148 ⁷4³.
2594 3113 2613 3148 t

1551 3177 1641 3243 qui
1662 3181 1832 3226 tamen
1846 3176 1958 3240 jam
1981 3183 2103 3225 ante
2124 3174 2371 3238 pretoria
2393 3174 2616 3237 insignia

1552 3252 1872 3313 obtinuerat,
1889 3256 1947 3300 et
1962 3251 2171 3300 taudem
2201 3263 2332 3299 anuo
2353 3253 2468 3299 745.
2492 3258 2616 3299 con·-

1554 3328 1775 3375 sulatum
1797 3324 2101 3388 adipiseitur
2123 3327 2343 3375 Drusus.

1620 3403 1774 3452 Unde
1795 3402 2055 3467 conjicere
2086 3407 2188 3465 est,
2206 3407 2264 3450 ut
2283 3402 2502 3450 honores
2525 3400 2616 3451 ob·-

1554 3477 1711 3527 tinuit
1730 3477 1895 3527 serius
1916 3477 2165 3540 Domitio,
2184 3479 2258 3528 ita
2275 3483 2330 3527 et
2352 3477 2614 3527 matrimo‘-

1550 3553 1641 3603 nio
1664 3552 1908 3605 Antouioe
1948 3555 2205 3618 posterius
2235 3560 2471 3603 evectum
2496 3568 2613 3604 esse

1550 3632 1812 3690 Drusum3
1841 3629 2017 3694 sicque
2039 3629 2182 3678 illum
2207 3633 2367 3679 oetate
2386 3629 2614 3681 numen

1552 3704 1791 3756 Octaviae
1832 3702 1987 3753 filiam
2023 3703 2233 3752 duxisse
2271 3717 2484 3752 uxorem
2508 3717 2613 3755 non

1551 3781 1861 3841 Domitium,
1884 3779 1973 3843 qui
2006 3785 2130 3829 natu
2160 3778 2421 3843 grandior,
2441 3786 2498 3828 et
2516 3780 2611 3844 qui

1550 3858 1714 3907 multo
1767 3863 1889 3906 ante
1958 3856 2178 3905 bonores
2227 3853 2613 3920 dignitatesque

1551 3932 1770 3996 adeptus
1792 3939 1949 3982 essct.

1614 4006 1691 4058 At
1712 4014 1876 4069 certe,
1912 4014 1971 4057 ut
2007 4008 2231 4072 ingenue
2261 4005 2449 4071 fatear,
2470 4021 2611 4071 quar·-

1554 4085 1674 4134 dam
1709 4092 1829 4134 sunt
1869 4085 1920 4132 in
1950 4084 2187 4146 historia,
2215 4089 2274 4133 ut
2310 4091 2458 4147 puto,
2494 4078 2609 4148 qusoe

1545 4161 1660 4223 jam
1676 4158 2427 4223 incognita,autcontrovcrsiae
2440 4162 2612 4219 eraut,

1555 4249 1667 4284 sevo
1687 4235 1778 4284 illo
1800 4232 2044 4297 Cornelii,
2060 4239 2117 4284 et
2137 4231 2275 4283 forte
2296 4231 2470 4281 multis
2485 4224 2609 4280 ant‘e

1551 4311 1702 4363 annis
1732 4311 1871 4362 iuter
1907 4304 2173 4363 meteres}
2205 4307 2339 4360 ferte
2370 4307 2491 4375 quia
2520 4321 2609 4375 pa·
