3100 4925
474 372 529 424 J.
556 372 618 425 C.
641 371 749 435 61.]

1181 356 1603 437 armanum
1654 366 1801 421 mn.
1849 365 1997 419 ΧΠ.

2505 354 2678 427 1239

477 511 698 580 tannia
719 512 1068 594 ,cerr-ptum„
1131 507 1328 573 Unde
1348 507 1530 575 fama
1573 506 1720 592 ejus
1760 513 1998 583 evecta
2035 506 2305 577 insulas¹
2347 516 2415 576 et
2451 512 2678 595 proxi-

477 631 621 676 mas
643 613 1022 696 provincias
1046 616 1428 696 pervagata,
1448 631 1567 695 per
1596 610 1866 676 Italiam
1896 630 2162 696 quoque
2184 613 2674 679 celebrabatur:

477 718 888 797 avebantque
911 715 1146 792 visere,
1181 714 1335 798 quis
1360 714 1472 779 ille
1499 718 1602 778 tot
1628 732 1981 796 perannos
2010 733 2177 798 opes
2201 719 2461 782 nostras
2491 732 2673 797 spre-

477 816 702 882 visset.

791 816 902 882 Ne
931 816 1169 882 Romae
1200 815 1467 900 quidem
1492 816 1781 898 ignobile
1821 814 2171 881 Caractaci
2209 834 2449 881 nomen
2486 820 2670 880 erat:

371 946 380 956 ·
480 922 547 982 et
575 917 831 997 Caesar,
859 917 1020 983 dum
1064 937 1258 984 suum
1287 919 1488 984 decus
1525 919 1807 998 extollit,
1848 918 2110 984 addidit
2146 919 2424 1002 gloriam
2467 918 2673 984 victo.

473 1102 721 1176 postquam
743 1100 909 1151 bellum
930 1101 1112 1151 exarsit
1131 1101 1184 1150 ia
1206 1100 1485 1151 Britannia.
1554 1102 1715 1158 Quare

1741 1101 1898 1164 gloria
1923 1100 2175 1151 Carataci
2194 1114 2379 1163 egressa
2409 1099 2605 1163 insulas,
2629 1104 2677 1150 et

474 1176 564 1225 per
583 1165 762 1213 υἰσὶπαε
778 1154 1041 1229 provincias
1057 1180 1237 1229 sparsa,
1264 1180 1351 1229 per
1374 1166 1606 1215 Italiam
1586 1180 1737 1243 ipsam
1764 1166 2111 1224 extollebatur-,-
2141 1171 2192 1215 et
2223 1164 2472 1228 cupiebant
2497 1137 2676 1225 videre,

481 1229 583 1289 quis
600 1228 682 1277 ille
704 1234 775 1278 tot
795 1231 931 1279 annis
948 1231 1194 1293 imperium
1212 1235 1421 1279 murum
1440 1231 1772 1280 comeum-sset.
1838 1232 1917 1279 Ne
1947 1231 1999 1278 in
2023 1203 2151 1279 Urbe
2179 1231 2368 1292 quidem
2400 1230 2562 1290 ἰςιιυὶα
2587 1231 2680 1278 Ca-

477 1292 804 1352 metacs‘sama
825 1299 964 1352 erat3
994 1299 1042 1343 et
1068 1296 1229 1344 Coesar
1247 1295 1359 1343 dum
1378 1309 1510 1344 um
1536 1295 1744 1356 gloriam
1760 1293 1982 1357 celebrat,
1998 1294 2169 1354 adiecit
2186 1295 2324 1343 decus
2344 1294 2481 1344 victo.

2547 1294 2678 1344 Nam

1460 1470 1674 1521 NOTAE

474 1595 506 1630 a
541 1583 804 1632 Messallia
836 1584 1199 1649 Gesseriacum
1236 1598 1400 1649 usqne
1442 1599 1531 1648 pe-

480 1655 642 1707 destri
685 1658 870 1708 itinere
908 1657 1333 1723 confecto,·inde
1370 1666 1537 1708 traus-

480 1734 651 1796 misit;
683 1750 745 1784 ac
777 1737 886 1785 sine
923 1737 1028 1785 ullo
1064 1736 1263 1799 praelio,
1298 1742 1389 1785 aut
1420 1750 1534 1784 san-

479 1811 807 1874 guine,intra
838 1813 1173 1876 paucissimos
1206 1812 1339 1875 dice,
1380 1817 1534 1875 parte

480 1886 661 1936 insulae
682 1887 736 1935 in
758 1887 1071 1937 deditionem
1099 1894 1332 1952 recepta,
1364 1894 1536 1949 sexto,

482 1975 633 2024 quarn
655 1960 916 2024 profectus
941 1969 1071 2026 crat,
1091 1977 1287 2023 mense,
1321 1964 1536 2013 Romam

478 2038 654 2101 rediit,
675 2039 1107 2104 triumphavitque
1140 2041 1361 2089 maximo
1382 2054 1541 2103 appa-

477 2119 614 2162 ratu.
695 2112 782 2162 Ad
820 2115 964 2177 eujus
1008 2115 1361 2178 spectaculum
1402 2128 1546 2182 com-

477 2203 650 2239 meare
683 2190 736 2239 in
770 2189 988 2252 Urbem,
1020 2204 1121 2239 non
1160 2191 1324 2240 solum
1358 2191 1539 2254 praesi-

478 2265 629 2315 dibus
660 2266 1041 2328 provinciarum
1074 2266 1327 2329 permisit,
1359 2279 1538 2315 verum

477 2341 638 2391 etiam
661 2342 897 2391 exulibus
911 2341 1215 2405 quibusdam
1236 2358 1249 2390 z
1283 2347 1442 2405 atque
1462 2341 1539 2390 in-

476 2425 561 2468 ter
580 2417 784 2468 hostilia
814 2417 993 2481 spolia,
1025 2419 1255 2467 navalem
1292 2431 1536 2468 coronam

477 2493 692 2559 fastigio
725 2495 996 2544 Palatinas
1022 2494 1199 2544 domus
1227 2495 1383 2559 juxta
1417 2493 1540 2542 civi-

479 2585 593 2620 cam
631 2570 763 2631 fixit,
805 2570 1015 2633 trajecti
1058 2578 1117 2619 et
1157 2570 1313 2634 quasi
1353 2568 1539 2618 domiti

477 2646 681 2697 Oceani
715 2647 929 2711 insigne.
991 2648 1217 2697 Currum
1252 2646 1366 2709 ejus
1400 2645 1540 2695 Mes-

477 2722 661 2772 sallina
679 2736 810 2771 uxor
828 2727 1079 2785 carpento
1114 2727 1294 2771 secuta
1315 2726 1428 2781 est3
1462 2734 1540 2770 se·

481 2799 591 2847 cuti
613 2805 668 2848 et
687 2798 1020 2861 triumphalia
1037 2802 1340 2846 ornamenta
1354 2795 1539 2845 eodem

479 2875 617 2926 bello
639 2875 834 2938 adepti,
857 2875 948 2924 sed
971 2873 1137 2923 ceteri
1158 2873 1393 2936 pedibus,
1415 2872 1540 2921 etin

479 2956 774 3014 praetexta:
807 2950 1028 2999 Crassus
1050 2947 1190 3011 frugi
1214 2963 1346 3012 equo
1368 2947 1543 3011 phale-

478 3031 614 3087 rato,
638 3030 694 3074 et
725 3026 779 3074 iu
812 3030 959 3075 veste
991 3026 1239 3088 palmata,
1262 3023 1401 3089 quod
1423 3036 1540 3072 eum

479 3101 721 3150 bonorem
741 3101 1060 3151 iteraverat!

546 3176 778 3233 Adverte
810 3177 985 3239 igitur,
1014 3176 1069 3225 in
1101 3174 1431 3239 expeditione
1452 3175 1543 3224 illa

484 3267 586 3303 non
623 3268 738 3303 esse
777 3253 1146 3316 triumphatum
1188 3251 1543 3316 Caractacum,

484 3328 550 3378 de
569 3340 669 3393 quo
687 3343 756 3377 ne
777 3327 987 3392 quidem
1007 3326 1225 3376 verbum
1255 3326 1340 3375 hic
1360 3325 1545 3375 Sueto-

480 3403 584 3467 uio,
604 3419 772 3469 neque
792 3405 947 3456 etiam
969 3404 1074 3467 ipsi
1093 3402 1275 3463 Dioni,
1305 3402 1391 3465 qui
1412 3401 1542 3452 dicit

483 3486 685 3532 tantum
700 3482 894 3530 victum
907 3495 1039 3541 esse,
1055 3493 1158 3527 nou
1175 3484 1403 3541 captum.
1438 3478 1540 3543 Igi-

479 3563 567 3606 tur
584 3557 848 3621 expeditio
862 3556 1070 3610 Claudii
1086 3561 1262 3619 coepta
1277 3569 1409 3603 anno
1425 3558 1541 3604 ⁷96.

484 3638 540 3682 et
561 3640 707 3681 actus
731 3631 1016 3696 triumphus
1039 3636 1153 3681 ⁷9⁴7.
1170 3638 1368 3695 septem
1386 3632 1545 3680 inter-

482 3708 666 3771 positis
689 3708 982 3758 mensibus:
1017 3715 1074 3757 at
1092 3709 1240 3771 longo
1259 3716 1376 3771 post
1397 3708 1542 3757 illum

477 3783 800 3846 ‚triumphum
835 3793 1090 3846 tempore,
1111 3791 1299 3846 captus
1333 3791 1413 3832 est
1445 3784 1542 3833 Ca-

484 3865 719 3909 raetacus
744 3860 810 3908 ab
834 3859 1068 3919 Ostorio,
1090 3857 1226 3908 forte
1255 3874 1434 3909 versus
1456 3875 1544 3909 an·

484 3947 603 3983 uum
626 3935 696 3984 U.
719 3936 780 3986 C.
800 3939 916 3985 8⁰2.
939 3936 1024 3984 vel
1045 3939 1191 3984 803st
1226 3943 1281 3986 et
1305 3936 1437 3985 bene
1472 3937 1547 3986 ait

484 4009 717 4073 Tacitus,
748 4012 764 4038 ‘
785 4024 921 4059 nono
956 4021 1075 4074 post
1109 4023 1242 4058 auno
1265 4024 1418 4075 quam
1437 3999 1545 4062 bel-

480 4085 662 4134 lumin
691 4086 962 4135 Britannia
993 4086 1253 4148 creptum?
1319 4087 1458 4137 Nam
1488 4094 1548 4136 ut

483 4159 649 4211 refert
668 4161 788 4224 Dio,
812 4162 1081 4225 inceperat
1100 4162 1157 4210 id
1178 4162 1371 4212 bellum
1393 4164 1544 4214 Clau-

481 4235 572 4286 dio
592 4236 821 4301 tertium,
841 4243 899 4288 et
918 4238 980 4288 1...
998 4236 1546 4308 Vitellio-censalibus,

1612 1598 1798 1648 nempe
1814 1598 1948 1634 auno
1963 1588 2107 1645 7964
2131 1598 2162 1633 a
2175 1597 2276 1649 quo
2294 1596 2457 1649 usque
2474 1582 2540 1633 ad
2557 1595 2679 1634 con-

1613 1662 1837 1712 sulatum
1874 1659 2077 1710 Claudii
2109 1660 2244 1709 Caes.
2274 1674 2326 1708 v,
2361 1666 2416 1709 et
2449 1658 2679 1708 Cornelii

1615 1736 1841 1801 Orphiti,
1873 1735 2057 1800 quibus
2094 1733 2480 1797 incipientibus,
2503 1747 2678 1782 narra·

1615 1815 1807 1864 tionem
1844 1814 1976 1863 hanc
2017 1813 2259 1865 terminat
2288 1812 2410 1862 Tac.
2447 1811 2678 1860 invenies

1616 1903 1797 1937 novem
1817 1902 1978 1936 annos
2000 1887 2237 1951 praecise.
2303 1888 2375 1935 Et
2406 1900 2528 1934 vero
2561 1899 2680 1948 pro·

1617 1964 1734 2029 pius
1757 1969 1853 2026 est,
1884 1964 2076 2013 bellum
2110 1963 2486 2024 Britannicum,
2505 1977 2678 2035 neque

1619 2040 1832 2090 desiisse
1855 2047 1976 2104 post
1997 2039 2311 2103 triumphum
2345 2039 2569 2103 Claudii,
2589 2054 2678 2088 ue-

1615 2128 1719 2180 que
1752 2122 1871 2179 post
1902 2122 2115 2179 captum
2149 2116 2521 2165 Caractaeum=
2556 2115 2680 2164 hinc

1616 2199 1714 2255 est,
1767 2193 1907 2257 quod
1962 2192 2069 2241 Dio
2122 2195 2366 2240 accurate
2416 2184 2682 2253 describit,

1617 2270 1820 2333 quaudo
1840 2269 2071 2332 incepit3
2110 2274 2165 2316 at
2186 2274 2370 2330 postea
2392 2264 2680 2330 expeditio·

1616 2357 1734 2392 uem
1756 2350 1814 2392 et
1843 2344 2158 2405 triumphum
2181 2341 2383 2392 Claudii
2415 2341 2681 2404 scripsisse

1618 2423 1913 2481 contentus,
1932 2417 2057 2467 nihil
2095 2417 2233 2466 ultra
2268 2416 2335 2466 de
2371 2415 2681 2479 Caracta‘co,
2726 2461 2731 2464 .

1617 2503 1710 2545 aut
1732 2495 1798 2545 de
1831 2495 1944 2544 aliis
1982 2492 2196 2543 ducibus
2233 2493 2497 2542 Britannis
2529 2507 2679 2556 repe-

1613 2573 1735 2634 rias,
1753 2572 1937 2621 saltem
1957 2569 2197 2633 principe
2220 2568 2452 2619 Claudio.
2489 2566 2681 2616 Ortum

1618 2653 1733 2697 erat
1755 2647 1810 2696 id
1826 2646 2037 2708 bellum,
2049 2660 2116 2694 ex
2139 2658 2202 2693 eo
2223 2644 2361 2708 quod
2384 2642 2682 2707 transfugas

1620 2724 1744 2787 ipsis
1785 2737 1886 2772 uon
1938 2720 2221 2770 redderent
2260 2719 2500 2782 Romani,
2543 2725 2693 2768 teste

1617 2801 1831 2860 Sueten.
1857 2798 1997 2862 quod
2031 2798 2216 2846 ultimo
2248 2796 2446 2845 foedere
2469 2802 2683 2845 cautum

1621 2882 1963 2938 sanctumque*
1977 2873 2165 2923 fuerat.
2188 2885 2193 2891 ·
2232 2872 2341 2922 Per
2361 2873 2475 2921 illos
2496 2886 2683 2922 novem

1621 2961 1786 3000 annos
1825 2950 1953 3000 vicit
1996 2948 2263 3008 Claudius,
2305 2948 2565 3009 Plautius,
2606 2946 2685 2997 si·
2750 3011 2757 3016 ἢ

1618 3026 1737 3076 dius
1760 3026 1917 3087 Geta,
1951 3024 2077 3075 vicit
2110 3030 2165 3073 et
2196 3024 2541 3087 Vespasianus
2562 3038 2683 3072 cum

1617 3100 1783 3151 fratre
1803 3100 1992 3151 Sabino
2009 3106 2065 3150 et
2085 3099 2191 3149 filio
2206 3100 2348 3162 Tito,
2369 3099 2456 3163 qni
2478 3105 2682 3162 patrem

1618 3184 1908 3227 versantem
1929 3177 1984 3224 iu
2002 3190 2197 3225 summo
2229 3174 2519 3224 discrimine
2553 3173 2682 3222 libe-

1617 3254 1768 3303 ravit.
1831 3251 2187 3315 Triumphalia
2223 3251 2445 3313 insignia
2478 3249 2683 3301 obtinn-

1617 3341 1708 3378 ere
1740 3326 1996 3387 Plautius,
2029 3325 2188 3387 Geta,
2219 3331 2276 3374 et
2296 3325 2645 3388 Vespasianus
2665 3339 2682 3372 ε

1614 3403 1707 3453 sed
1746 3404 1862 3453 baec
1899 3402 2033 3451 malo
2070 3399 2182 3450 fato
2218 3401 2467 3451 librorum
2503 3400 2684 3451 Taciti

1621 3479 1898 3529 amisimus.

1686 3554 1839 3607 Quod
1857 3558 2061 3619 spectat
2081 3553 2147 3602 ad
2181 3552 2465 3602 dissensum
2496 3550 2684 3602 Dionis

1621 3636 1675 3680 et
1695 3631 1883 3694 Taciti,
1904 3632 1947 3680 si
1972 3630 2086 3694 quis
2106 3628 2179 3678 ibi
2208 3628 2295 3689 sit,
2334 3627 2462 3678 nibil
2495 3633 2685 3679 novum

1618 3705 1876 3755 dissidere
1899 3706 2038 3770 ipsos
2059 3705 2112 3754 in
2133 3704 2525 3756 circumstantia
2554 3710 2685 3755 tens-

1621 3783 1762 3847 poris
1783 3790 1841 3833 et
1861 3797 2114 3846 persuum.

1676 3856 1691 3891 ¹
1714 3859 1891 3910 Eam
1908 3857 2109 3920 mulae]
2133 3857 2197 3906 Id
2216 3862 2532 3920 est,egressa
2543 3863 2687 3909 trans

1618 3936 1812 3987 imulas
1851 3937 2166 3997 Britanniae;
2199 3937 2276 3989 ita
2314 3943 2377 3986 nt
2410 3951 2505 4000 per
2541 3950 2688 4001 prex·

1620 4015 1744 4062 imas
1778 4014 2049 4077 provincias
2079 4013 2322 4075 Galliam,
2359 4013 2687 4077 Hispaniam,

1624 4095 1683 4139 et
1702 4090 1908 4139 Italiam
1945 4090 2109 4152 ipsam
2128 4088 2497 4139 celebraretur.
2553 4088 2688 4138 Con-

1622 4166 1853 4216 tendunt·
1862 4165 2109 4227 nonnulli,
2118 4164 2319 4215 unicam
2335 4178 2450 4214 esse
2466 4165 2686 4214 insulam

1624 4241 2000 4305 Britannicam,
2018 4241 2112 4294 sed
2143 4239 2199 4290 id
2230 4246 2428 4305 prater
2454 4243 2686 4296 *mentm
