3100 4925
516 390 690 457 12⁰⁰

1170 441 1177 448 .
1228 404 1295 452 Ο.
1341 400 1709 452 connum
1756 399 2014 451 wiern

2384 405 2479 471 [A.
2502 406 2569 460 U.
2596 410 2715 460 8⁰⁸.

504 548 729 632 gibus,
760 546 1046 613 Sohemo
1070 550 1280 631 atque
1321 503 1683 630 Agrippa}
1727 544 2095 630 provinciae
2145 544 2405 630 Syriae*
2448 546 2713 613 andins

508 761 747 825 Atrine,
766 759 937 810 Itium·
957 763 1006 809 et
1024 759 1188 810 Judaei
1209 757 1421 822 ιιιϋιιιιαί
1442 764 1564 809 sunt
1579 758 1833 822 provincia
1855 757 2028 823 Syrioe.
2091 757 2358 821 Augurium
2378 758 2547 808 salutis
2576 757 2713 809 relic·

1489 952 1705 1007 NOTAE

510 1070 647 1117 teste
667 1063 871 1115 Dione:
913 1071 966 1115 et
998 1070 1119 1116 ante
1146 1063 1289 1116 ilium
1310 1065 1372 1117 C.
1393 1065 1568 1117 Caesar

508 1141 768 1192 dictator:
804 1140 821 1169 ‘
845 1139 929 1189 Ne
944 1139 1058 1203 quis
1075 1139 1200 1189 civis
1224 1140 1383 1204 major
1405 1140 1568 1203 vigin-

508 1217 551 1267 ti
569 1216 716 1266 annis
736 1215 852 1279 plus
873 1215 1098 1265 triennio
1130 1216 1375 1272 continuo
1408 1215 1565 1264 Italia

507 1293 745 1343 abesset:
780 1305 883 1341 neu
903 1291 1015 1356 quis
1034 1291 1286 1342 senatoris
1314 1290 1468 1354 filius,
1488 1291 1565 1339 ni-

504 1369 547 1417 si
566 1365 950 1420 contubernalis
982 1372 1074 1415 aut
1100 1380 1276 1416 comes
1296 1365 1565 1429 magistra-

491 1450 609 1504 ¹tus,
634 1457 854 1507 peregre
877 1440 1326 1507 proficisceretur?
1388 1442 1538 1491 Suet.

574 1521 592 1554 ί
617 1519 811 1582 Itan-m]
842 1520 1056 1579 Ituraea,
1092 1518 1235 1582 regio
1273 1517 1438 1567 minor
1468 1518 1563 1569 Ju-

506 1596 634 1646 ‹1aeae
679 1595 788 1645 sive
831 1594 1109 1645 Palestinae
1152 1592 1451 1658 provinciae,
1494 1594 1562 1642 ad

502 1672 753 1721 orientem
772 1670 1016 1722 Jordanis
1036 1667 1196 1732 fluvii,
1216 1675 1273 1718 et
1291 1669 1379 1718 nbi
1407 1676 1564 1719 antea

482 1745 712 1797 ⁴fuerant
741 1746 930 1795 Tribus
966 1745 1085 1795 Gad
1124 1749 1180 1794 et
1211 1744 1411 1815 Ruben.
1477 1745 1562 1793 Ex

504 1822 705 1873 chartis
720 1822 980 1872 Sansonis.
1048 1821 1365 1871 Tillemouius.

565 1907 589 1932 ¹
617 1897 803 1964 Jadaei]
837 1897 1026 1961 Populi
1063 1897 1099 1949 J
1104 1897 1266 1947 udaeae
1301 1893 1558 1962 regionis;

500 1974 535 2025 J
540 1973 689 2023 udaea
708 1988 833 2023 vero
853 1973 1042 2036 duplex
1061 1978 1161 2034 est,
1180 1987 1367 2036 nempe
1388 1973 1561 2022 Judoea

501 2051 597 2097 late
615 2053 788 2110 samu,
806 2048 1074 2110 provincia
1105 2047 1270 2110 Syriae
1312 2047 1558 2110 regionis.

501 2121 679 2173 Hodie
711 2135 897 2171 nomen
920 2122 1185 2185 antiquum
1204 2122 1403 2171 retinet
1415 2122 1558 2185 apud

480 2211 616 2248 .nos.
662 2199 893 2246 Vocatur
908 2195 1064 2245 etiam
1091 2196 1241 2245 Terra
1251 2200 1440 2254 sancta,
1432 2211 1445 2224 ·

502 2272 599 2322 sub
622 2270 877 2336 praefecto
902 2271 1145 2322 Damasei
1176 2273 1259 2321 vel
1294 2271 1517 2334 Sestum,
1504 2286 1557 2321 ιιι

499 2347 683 2398 Souria
703 2347 912 2412 regione
934 2347 1134 2410 imperii
1152 2346 1352 2397 Turcici
1371 2345 1558 2396 Asiati-

469 2427 477 2437 '
500 2425 572 2477 ci.
630 2426 804 2476 Judoea
825 2439 948 2477 vero
963 2425 1154 2489 proprie
1173 2425 1322 2487 dicta,
1342 2437 1461 2490 pars
1476 2430 1559 2474 est

1648 1066 1830 1131 gionis,
1852 1071 1908 1116 et
1928 1065 1992 1117 ad
2013 1080 2153 1117 mare
2171 1066 2459 1130 Syriacum.

1707 1141 1886 1191 Hodie
1922 1155 2039 1204 pars
2059 1140 2399 1191 occidentalis
2431 1137 2707 1203 praefectu-

1627 1232 1719 1276 ,ται
1741 1217 1936 1281 Aleppi
1956 1218 2098 1281 Alep,
2123 1217 2175 1266 in
2190 1216 2376 1266 Souria
2394 1216 2599 1280 regione
2617 1217 2710 1266 im-

1642 1293 1775 1356 perii
1811 1292 2017 1342 Tur-cici
2054 1290 2304 1341 Asiatici:
2341 1290 2407 1340 de
2441 1291 2588 1355 Syria
2623 1305 2707 1362 re·

1642 1368 1794 1431 gione
1825 1368 2021 1418 dietum
2055 1373 2139 1417 est
2170 1367 2221 1415 in
2256 1366 2390 1416 notis
2421 1370 2599 1417 v1.81.
2619 1380 2710 1417 sua

1644 1457 1757 1508 pra
1796 1444 2109 1495 wicmannus.

1706 1518 1921 1582 '‘Syrioe
1948 1517 2126 1580 additi]
2173 1517 2277 1568 Sed
2316 1532 2417 1568 non
2456 1516 2704 1567 duravit:

1642 1607 1757 1642 nam
1781 1600 1963 1656 postea
1984 1609 2040 1643 se
2062 1593 2333 1643 redemere
2356 1592 2545 1655 Judaei,
2565 1591 2704 1643 forte

1641 1670 1709 1719 ab
1730 1669 2053 1733 Agrippina*
2041 1685 2172 1734 ipsa,
2192 1673 2277 1718 vel
2309 1683 2342 1718 a
2371 1668 2575 1718 libertis
2595 1682 2704 1718 om·
2743 1672 2748 1676 ’

1642 1744 1729 1794 nia
1790 1745 1993 1794 venalia
2048 1744 2375 1807 habentibus,
2448 1741 2710 1793 facilitate

1644 1820 1878 1881 Claudii,
1865 1837 1877 1849 ·
1913 1819 2283 1884 firmaruntque
2313 1819 2493 1868 urbem
2515 1818 2707 1868 Hiero·
2709 1836 2712 1840 ·

1643 1897 1889 1960 solymam
1920 1897 2080 1946 muris
2110 1895 2544 1959 munimentisque
2578 1894 2707 1944 vali·

1617 1970 1888 2046 dissimis.
1922 1970 2058 2020 unde
2079 1984 2198 2019 mox
2234 1968 2517 2019 rebellandi
2549 1969 2706 2019 auda·

1617 2015 1722 2095 cia
1740 2045 1835 2095 sub
1856 2045 2009 2095 finem
2034 2044 2271 2106 Neronis,
2304 2044 2589 2109 missusque
2610 2042 2700 2093 ad·

1640 2135 1815 2172 versus
1843 2123 1982 2187 ipsos
2003 2121 2702 2186 Vespasianus.'1'ac.l.v.

1639 2198 1821 2247 histor.

1702 2275 1875 2324 Etiam
1899 2275 2065 2338 Nero,
2095 2261 2213 2325 cnm
2235 2273 2571 2324 Armeniam·
2556 2287 2699 2323 ruva·

1637 2349 1825 2399 delent
1861 2349 2062 2440 Parthi,
2091 2350 2279 2400 iterum
2320 2364 2466 2414 reges
2502 2349 2701 2401 creavit

1636 2426 1690 2477 in
1711 2427 1790 2477 his
1813 2426 2110 2492 provinciis,
2134 2427 2485 2493 excitavitque
2516 2427 2699 2478 adver-

498 2501 848 2552 meridionalis
867 2500 1068 2552 Judaeae
1089 2501 1197 2551 late
1218 2507 1421 2550 sumtae.
1463 2501 1562 2550 Τίλ-
1637 2518 1722 2553 sus
1765 2504 2046 2553 barbaros.
2113 2504 2310 2568 quippe
2358 2504 2738 2573 opponebant*

500 2577 741 2627 lenonia.

562 2650 817 2701 'Solimo
852 2657 992 2714 atque
1027 2651 1271 2716 Agrippa]
1324 2653 1556 2704 Quorum

496 2725 586 2776 ille
623 2719 850 2776 Arabum
887 2728 1216 2790 Immotum,
1247 2718 1333 2776 hic
1350 2727 1554 2778 Judaeae

495 2815 608 2853 rex.
672 2801 896 2852 Solimus
912 2809 1084 2853 autem
1101 2803 1447 2865 scribendum,
1463 2809 1557 2852 aut

497 2884 641 2928 certe
668 2878 882 2929 smus
907 2893 976 2929 ex
1011 2878 1206 2928 Dione:
1241 2893 1346 2928 non
1377 2877 1552 2928 Soluen-

475 2952 619 3015 ,niuq
650 2958 711 3001 ut
741 2952 995 3003 editiones
1035 2954 1274 3017 vulgatae.
1341 2954 1449 3003 Dio
1484 2954 1552 3002 de

498 3024 759 3086 Caligula:
793 3027 808 3054 ‘
827 3028 956 3075 Tum
970 3027 1170 3076 Soaemo
1185 3026 1418 3077 Arabum
1440 3027 1550 3077 Itu-

491 3112 733 3164 raeorum,
754 3105 813 3149 et
843 3099 1110 3150 Polemoni
1141 3115 1354 3165 regnum
1385 3109 1552 3165 pater·

491 3189 635 3238 num,
673 3176 986 3227 decernente
1025 3182 1225 3238 senatu,
1258 3178 1552 3228 concessit!

558 3251 640 3300 De
676 3250 912 3315 Agrippa
945 3258 1001 3302 et
1030 3253 1315 3304 mutatione
1354 3259 1551 3319 secuta,

493 3325 609 3376 vide
631 3326 912 3393 Josephum
944 3341 1043 3377 xx.
1070 3325 1328 3393 Antiquit.
1363 3329 1451 3393 qui
1475 3335 1549 3379 ta-

488 3417 608 3453 men
628 3402 753 3452 nihil
774 3409 954 3466 aperte
973 3404 1042 3453 de
1063 3405 1442 3456 contributione
1456 3406 1492 3458 J
1496 3421 1550 3455 u-

492 3479 721 3528 daeorum
744 3477 796 3526 in
818 3478 994 3541 Syros.
1059 3479 1225 3529 Immo
1246 3495 1372 3531 vero
1389 3482 1546 3531 etiam

491 3567 645 3616 nunc,
661 3559 721 3603 ut
739 3558 880 3616 ante,
896 3553 1140 3604 Presides
1162 3570 1277 3604 suos
1297 3557 1403 3606 sive
1425 3571 1546 3620 pro-

470 3634 755 3678 curatores
789 3630 1067 3691 habebant,
1104 3631 1192 3694 qui
1227 3632 1546 3694 aspiciebant

468 3701 697 3766 „quidem
730 3704 957 3766 legatum
987 3703 1171 3768 Syriae,
1190 3705 1280 3754 sed
1300 3720 1403 3755 non
1428 3706 1545 3777 assi-

489 3778 590 3827 due
605 3778 901 3828 audiebant.

553 3852 690 3904 Quin
721 3859 780 3902 et
811 3853 1048 3918 Agrippa
1071 3854 1249 3918 junior
1269 3870 1360 3906 rex
1382 3848 1541 3908 e'tiam

487 3927 602 3992 fuit,
631 3935 783 3992 patre
816 3927 1082 3980 defuneto.
1146 3931 1416 3982 Quomodo
1449 3934 1539 3996 igi·

468 4012 574 4061 ,tur
590 4002 845 4067 pmvinciae
864 4003 1022 4067 Syrioe
1040 4006 1196 4055 additi
1217 4007 1437 4070 noviter,
1458 4024 1542 4060 co-

488 4078 753 4142 gitandum
773 4078 859 4142 sit,
879 4086 972 4129 aut
992 4095 1024 4128 a
1045 4080 1373 4143 peritioribus
1408 4085 1541 4148 rogi·

482 4153 720 4205 tandum.
780 4153 987 4216 Lipsius.

502 4258 509 4265 -
546 4235 581 4293 3·
606 4227 793 4298 ‘Syn-ia]
821 4229 970 4296 Syria
984 4231 1434 4300 provinciaflyrin
1461 4251 1540 4288 re·

1633 2579 1791 2629 hosce
1815 2580 2041 2642 Regulos
2060 2580 2309 2640 hostibus,
2331 2580 2494 2631 veluti
2516 2588 2696 2645 partes
2839 2617 2852 2627 .

1633 2661 1693 2705 et
1712 2656 2029 2704 munimenta
2050 2654 2267 2719 imperii.

1698 2730 1784 2780 Sic
1819 2730 1946 2779 Tac.
1979 2742 2105 2779 xm.
2130 2733 2180 2780 7.
2229 2731 2358 2779 Cum
2396 2730 2695 2795 prorupisse

1633 2808 1856 2857 Parthos
1865 2807 2159 2856 nuntiatum
2167 2811 2322 2868 esset,
2337 2805 2697 2871 ‘legionesque

1633 2884 1771 2946 ipsas
1795 2882 2004 2946 propius
2025 2881 2322 2931 Armeniam
2351 2883 2590 2932 collocari
2607 2883 2697 2947 ju·

1633 2959 1751 3009 bet:
1783 2959 2010 3021 duosque
2025 2967 2231 3008 veteres
2245 2971 2392 3021 reges
2408 2956 2696 3023 Agrippam

1633 3040 1691 3084 et
1714 3032 1745 3063 *
1773 3033 2034 3094 Iacchum,
2058 3031 2423 3103 (Antipchum)
2446 3033 2694 3097 expedire

1631 3108 1823 3173 copias,
1838 3111 1956 3174 quis
1976 3109 2289 3159 Parthorum
2309 3108 2437 3158 fines
2457 3110 2594 3159 ultro
2617 3110 2694 3160 in-

1632 3191 1849 3247 trarent,
1883 3188 1984 3236 &c.
2016 3191 2073 3235 et
2100 3182 2350 3235 minorem
2391 3184 2691 3237 Armeniam

1629 3257 1944 3322 Aristobulo,
1978 3260 2239 3322 regionem
2279 3262 2567 3324 Sophenem
2597 3263 2693 3313 So·

1628 3334 1781 3383 hemo
1803 3349 1917 3384 cum
1940 3334 2225 3405 insignibus
2244 3335 2400 3398 regiis
2425 3334 2671 3387 mandat?

1692 3410 1772 3458 En
1794 3410 1928 3459 alter
1947 3409 2185 3473 Agrippa,
2205 3411 2294 3475 qui
2313 3425 2406 3462 rex
2422 3410 2560 3480 haud
2591 3412 2690 3463 du-

1626 3483 1709 3534 bie
1727 3485 2047 3547 Jndaeorum,
2087 3500 2206 3534 nam
2233 3484 2371 3535 inter
2400 3491 2580 3537 veteres
2609 3503 2687 3539 re-

1621 3576 1708 3623 ges
1728 3567 2060 3611 memoratur.

1690 3635 1772 3683 En
1807 3636 1996 3686 iterum
2030 3636 2162 3686 alter
2196 3636 2423 3688 Sohemus
2452 3651 2565 3703 rex,
2593 3640 2685 3704 qui

1622 3709 1760 3759 forte
1781 3711 2006 3774 Sohemi,
2022 3711 2089 3761 de
2111 3727 2211 3777 quo
2231 3713 2336 3774 hic,
2354 3712 2506 3775 filius,
2525 3715 2614 3778 qui
2636 3715 2692 3765 si

1619 3799 1725 3834 non
1743 3786 1987 3848 Ituroem,
2006 3793 2236 3837 attamen
2254 3792 2466 3850 regnum
2482 3788 2682 3853 babuit,

1621 3859 1880 3923 Sophenen
1919 3875 2125 3925 nempe,
2166 3876 2329 3925 prope
2365 3861 2684 3930 Armeniam,

1621 3939 1680 3983 nt
1700 3949 1814 3984 eam
1836 3949 1899 3982 ex
1922 3941 2071 3999 parte
2093 3950 2185 3985 sua
2205 3933 2531 3986 defenderet·-

1685 4009 1791 4057 Per
1807 4015 1986 4058 veteres
1999 4025 2155 4072 reges,
2176 4010 2409 4073 intellige
2428 4012 2578 4076 longa
2600 4004 2682 4064 re-
2769 4040 2778 4043 -

1620 4098 1740 4147 gum
1769 4084 1905 4133 serie
1938 4099 2005 4133 ex
2042 4085 2225 4149 eadem
2257 4086 2426 4150 stirpe
2458 4086 2679 4141 invicem

1617 4160 1717 4210 sibi
1748 4159 2108 4224 succedentes,
2140 4161 2280 4212 avito
2303 4175 2460 4227 regno
2493 4164 2678 4217 avitis·

1617 4249 1718 4301 qus
1736 4235 1889 4287 simul
1910 4231 2093 4301 opibus
2113 4234 2384 4316 florentem.
