3100 4925
480 323 654 391 Μ

480 479 788 546 Ceterum
814 482 881 543 et
905 478 1063 557 sibi,
1099 478 1346 543 amisso
1372 477 1595 545 fratris
1627 478 1908 558 auxilio,
1936 477 2226 562 reliquas
2254 499 2412 565 spes
2438 483 2510 548 in
2538 483 2679 550 Re.-

479 580 641 664 pub.
673 580 872 643 sitas:
916 582 981 642 et
1025 583 1211 642 tanto
1256 580 1469 661 magis
1512 578 1866 644 fovendum
1915 579 2234 648 Patribus
2280 582 2680 668 Populoque

485 680 887 760 Principem,
948 679 1063 761 qui
1119 697 1288 743 unus
1345 685 1728 762 superesset
1783 699 1822 743 e
1876 679 2153 760 familia,
2213 701 2536 748 summum
2593 685 2685 750 ad

480 780 817 862 fastigium
872 778 1174 862 genita.'''
1260 778 1441 844 Exin
1468 780 1811 862 largitione
1858 781 2242 864 potissimos
2290 784 2685 852 amicorum‘

483 883 727 946 auxit!
1572 919 1581 926 -

572 981 679 1046 18.
726 982 877 1047 Nec
921 982 1237 1059 defuere,¹
1268 981 1387 1066 qui
1416 988 1760 1065 arguerent
1784 982 1966 1047 viros
2004 984 2392 1064 gravitatem
2420 999 2689 1052 asseve-

482 1089 757 1162 ranteS,⁸
788 1089 809 1118 ‘
840 1086 1023 1168 quod
1050 1085 1309 1163 domoS,
1338 1084 1631 1163 villaS,²⁸
1658 1084 1729 1148 id
1755 1085 2098 1169 temporie,
2130 1085 2330 1170 quasi
2356 1086 2676 1169 praedam³

1191 340 1258 388 c.
1306 337 1667 389 connum
1708 337 1970 389 rscrrr
2368 345 2462 411 [Α.
2480 346 2549 398 n.
2570 349 2693 398 ooo.

482 1213 603 1276 sibi,
626 1214 832 1265 ademto
850 1215 1029 1265 fratris
1063 1215 1310 1279 subsidio,
1330 1220 1533 1265 ceteras
1555 1228 1672 1279 spes
1693 1213 1748 1263 in
1773 1216 1902 1279 Rep.
1924 1216 2139 1280 positas,
2162 1223 2218 1267 et
2249 1221 2397 1266 tanto
2419 1215 2577 1280 magis
2602 1231 2689 1267 co-

482 1278 694 1329 lendum
718 1280 937 1341 senatui,
960 1280 1251 1343 populoque
1275 1280 1657 1343 imperatorem,
1676 1281 1764 1344 qui
1785 1282 1922 1329 solus
1950 1289 2209 1344 superstes
2230 1287 2368 1331 esset
2386 1295 2417 1329 e
2437 1286 2591 1344 gente
2618 1280 2688 1331 ad

483 1355 732 1419 ⁸¹¹.¹¹¹¹.¹¹²¹.¹”
770 1342 1034 1419 fortunam
1073 1349 1248 1420 creata
1284 1358 1346 1392 ac
1379 1343 1655 1393 destinata.
1721 1344 1917 1395 Deinde
1948 1345 2212 1414 precipuos
2233 1344 2552 1405 familiarium
2587 1360 2688 1394 arn·

480 1407 1197 1535 wfflnertzfgssirzcamcmr·
1194 1477 1275 1522 eut
1293 1472 1421 1521 viros
1439 1472 1613 1522 severit·
1613 1476 1737 1522 aim
1757 1471 2083 1538 praemittes,
2105 1471 2244 1538 quod
2275 1472 2412 1523 inter
2432 1486 2488 1523 se
2508 1472 2688 1537 partiti

1415 1597 1771 1619 ”OO‘NOOOOO

554 1683 583 1728 1
615 1678 704 1729 Sic
727 1680 856 1730 Mss.
878 1680 1017 1732 Flor.
1040 1680 1123 1730 Re
1162 1715 1177 1730 .
1199 1681 1359 1732 editio
1379 1680 1626 1744 princeps
1647 1686 1705 1731 et
1726 1681 2056 1732 recentiores.
2118 1682 2186 1731 In
2207 1682 2335 1732 Mss.
2362 1681 2510 1732 Harl.
2531 1681 2687 1731 Bodl.

487 1743 598 1795 Jes.
618 1749 675 1793 et
697 1745 1035 1809 Puteolanus,
1057 1748 1090 1794 d
1255 1752 1326 1794 nt.
1381 1745 1610 1794 Brotier.
1678 1744 1821 1794 Dedi
1835 1745 2027 1805 defuere
2047 1760 2112 1794 ex
2134 1748 2270 1796 Flor.
2291 1746 2373 1796 ed.
2393 1761 2474 1810 pr.
2493 1747 2689 1807 Demos,

486 1808 626 1856 villas
660 1821 755 1872 pro
786 1809 1012 1873 villasque
1048 1823 1116 1857 ex
1152 1809 1336 1858 iisdem
1372 1815 1428 1858 et
1462 1810 1567 1858 Ms.
1590 1807 1720 1871 Agr.
1744 1808 1923 1859 Guelf.
1953 1812 2168 1872 proedam
2201 1824 2267 1859 ex
2300 1810 2485 1859 iisdem
2507 1817 2562 1860 et
2583 1810 2689 1862 Ms-

487 1869 624 1935 Reg.
648 1887 765 1922 cum
808 1873 1010 1937 Ryckio
1048 1878 1103 1921 et
1133 1873 1188 1924 J.
1212 1873 1478 1926 Gronovio
1515 1887 1615 1935 pro
1648 1874 1856 1935 proedas.
1907 1873 2190 1924 Assem-erare
2219 1875 2271 1923 h.
2292 1874 2329 1924 l.
2369 1879 2453 1923 est
2489 1889 2598 1938 prae
2636 1887 2692 1923 se

486 1934 646 1984 ferre.
680 1937 896 1984 Ernesti.
963 1938 1257 1986 Gronovius
1288 1942 1345 1985 et
1383 1938 1430 1985 R
1464 1936 1610 1985 ckius
1648 1936 1844 1986 habent
1873 1936 2240 1997 defuerunt.—2
2272 1937 2358 1986 Sic
2384 1937 2513 1987 Mss.
2538 1938 2688 1987 Harl.

488 1998 644 2048 Bodl.
680 2000 794 2048 Jes.
830 2001 965 2049 Flor.
1005 2000 1142 2062 ch.
1168 2000 1347 2050 Guelf.
1382 2014 1413 2048 e
1451 2000 1543 2049 itio
1575 1999 1818 2064 princeps
1856 2007 1914 2049 et
1951 2003 2285 2051 recentiores.
2353 2001 2691 2062 Puteolanus,

526 2061 537 2072 '
714 2067 827 2111 .—8
861 2064 950 2112 Ita
987 2064 1117 2112 Mss.
1160 2065 1299 2114 Flor.
1325 2065 1453 2125 Reg.
1478 2062 1657 2113 Guelf.
1686 2063 1850 2114 editio
1883 2066 2127 2130 princeps
2149 2072 2206 2117 et
2227 2064 2562 2116 recentiores.
2622 2065 2692 2120 In

490 2124 620 2174 Mss.
645 2125 797 2177 Harl.
820 2127 973 2178 Bodl.
992 2127 1027 2178 J
1032 2141 1105 2177 es.
1130 2132 1188 2177 et
1206 2128 1543 2191 Puteolanus,
1563 2128 1766 2191 praedae.
2001 2143 2005 2147 ’

1484 2256 1705 2308 NOTAE

488 2343 707 2417 alicujus
730 2355 1025 2407 semiscioli.

555 2430 724 2493 Neque
751 2430 1120 2495 laudationibus]
1166 2431 1247 2482 Ita
1276 2444 1445 2496 neque
1469 2430 1552 2495 ju-

490 2502 664 2554 niores
682 2503 923 2567 foeminae,
943 2507 1068 2556 licet
1090 2513 1288 2570 nuptae,
1316 2507 1407 2557 sed
1425 2515 1555 2567 ,tan-

492 2585 606 2628 tum
649 2579 895 2642 seniores,
938 2587 1054 2644 post
1098 2582 1297 2631 obitum
1344 2582 1554 2646 publice

491 2655 871 2717 laudabantur3
906 2662 966 2706 ut
989 2657 1210 2707 diximus
1232 2672 1407 2721 supra.

559 2737 592 2763 '¹
612 2731 858 2785 Summum
872 2735 937 2782 ad
944 2732 1207 2796 fastigium
1217 2734 1409 2798 genita]
1431 2735 1555 2786 Fuit

494 2812 607 2857 tum
640 2806 770 2856 illud
805 2822 960 2857 unum
992 2822 1060 2860 ex
1092 2809 1295 2858 arcanis
1327 2809 1554 2860 domina-

490 2882 668 2946 tionis,
689 2884 828 2947 quod
851 2890 1035 2946 postea
1055 2885 1391 2934 eventilatum
1408 2890 1465 2935 et
1485 2886 1555 2935 ir-

490 2957 668 3007 risum.
734 2958 871 3006 Nam
909 2963 1028 3020 post
1053 2959 1315 3013 Neronem
1349 2973 1555 3009 succes·

493 3030 565 3082 sit
586 3032 813 3097 quisquis
835 3034 1035 3096 melior,
1061 3039 1153 3083 ant
1173 3032 1375 3084 fortior.
1420 3035 1556 3087 Tum

484 3106 573 3168 jus
596 3105 698 3159 fuit
718 3108 771 3155 in
792 3107 969 3171 armis,
992 3112 1083 3157 aut
1103 3106 1240 3158 fatis.
1422 3168 1432 3179 .

559 3188 586 3215 ¹
601 3175 885 3245 Largitione
891 3185 1160 3246 potissimos
1172 3183 1445 3251 anticorum]
1464 3187 1555 3239 Sic

494 3258 562 3311 de
584 3259 904 3325 Alexandro,
927 3263 1134 3313 Curtius
1157 3265 1195 3313 l.
1216 3278 1293 3314 vl.
1317 3280 1435 3316 cum
1454 3267 1560 3316 Cli·

493 3341 607 3387 tum
630 3337 933 3390 occidisset:
973 3338 990 3366 ‘
1016 3339 1116 3389 Ille
1137 3355 1239 3390 non
1270 3340 1478 3404 ignarus
1499 3347 1556 3391 et

491 3414 758 3480 principes
777 3416 1058 3467 amicorum
1073 3423 1129 3468 et
1141 3419 1427 3469 exercitum
1443 3434 1558 3483 gra·

492 3491 630 3542 viter
650 3491 865 3555 offendi,
887 3493 1106 3555 gratiam
1129 3493 1445 3543 liberalitate
1466 3493 1556 3543 do·

493 3565 678 3632 nisque
710 3581 1020 3631 recuperare
1054 3568 1323 3628 tentabat3
1359 3568 1454 3617 sed
1474 3567 1559 3632 (ut

498 3642 705 3707 opinor)
726 3643 904 3694 liberis
937 3643 1163 3707 pretium
1195 3642 1459 3701 servitutis
1483 3643 1559 3694 in·

498 3723 704 3782 gratum
727 3718 845 3769 est!
1069 3772 1076 3778 ,

562 3799 585 3834 5
614 3790 797 3855 Auxit]
830 3793 915 3843 Sic
940 3793 1079 3844 iufra
1099 3799 1221 3858 post
1240 3798 1558 3857 compertam

467 3900 478 3908 -
498 3868 706 3919 Pisonis
750 3871 1173 3934 conjurationem,
1211 3875 1331 3934 post
1372 3872 1560 3921 multos

497 3945 804 3999 interemtos
837 3947 874 3995 l.
898 3959 992 3996 ιν.
1014 3950 1096 3995 71.
1160 3945 1176 3973 ‘
1203 3945 1403 3998 Quibus
1443 3960 1558 4010 per-

460 4064 464 4071 .
495 4023 715 4091 peti-atis
755 4022 922 4085 Nero,
960 4028 1017 4072 et
1049 4021 1296 4072 concione
1332 4022 1558 4075 militum

496 4099 695 4164 habita,
731 4099 855 4150 bins
889 4113 1151 4150 nummum
1186 4098 1345 4148 millia
1362 4099 1560 4150 viritim

499 4175 897 4242 manipularibus
911 4174 1112 4241 divisit,
1128 4173 1434 4242 addiditque
1450 4176 1561 4228 sine

1634 2356 1807 2420 pretio
1828 2353 2162 2421 frumentum,
2180 2370 2282 2422 quo
2296 2362 2437 2419 ante,
2458 2371 2524 2406 ex
2541 2355 2693 2407 modo

1635 2445 1871 2497 annonoe,
1922 2430 2238 2484 utebantur!
2303 2431 2438 2483 Bina
2504 2445 2692 2483 numm.

1634 2512 1755 2572 sunt
1776 2511 1856 2556 50.
1879 2509 2133 2571 coronati,
2154 2522 2247 2558 seu
2270 2513 2383 2558 150.
2405 2508 2501 2558 lib.

1698 2591 1719 2617 ²
1757 2583 1899 2634 Viros
1928 2584 2219 2646 manitatem
2251 2578 2590 2644 asseverantes]
2626 2580 2696 2633 In

1634 2658 1884 2707 Senecam
1901 2664 1957 2707 et
1969 2659 2228 2707 Burrhum
2246 2657 2536 2707 criminatio
2554 2670 2698 2720 spec-

1634 2738 1762 2793 tat3=
1784 2748 1938 2799 quam
1971 2733 2122 2783 diluit
2154 2740 2332 2784 tamen
2364 2733 2551 2783 leviter
2579 2735 2694 2797 ipse

1633 2809 1862 2873 Tacitus,
1926 2809 2141 2859 Senecae
2186 2804 2377 2873 ubique
2417 2809 2597 2858 volens
2640 2815 2697 2863 et

1633 2883 1853 2933 amicus:
1900 2885 2054 2937 aliter
2097 2899 2248 2949 quam
2290 2887 2380 2935 ille
2423 2886 2695 2948 Bithynus,

1634 2958 1724 3024 qui
1756 2955 2051 3010 inimicitias
2086 2975 2206 3010 cum
2243 2961 2444 3011 Seneca
2474 2961 2698 3013 indictas

1635 3041 1870 3097 exercet,
1886 3041 1947 3087 et
1968 3049 2036 3085 ex
2057 3034 2308 3099 professo.
2359 3036 2569 3099 Lipsius.

1704 3109 2007 3163 Gravitatem
2058 3114 2396 3183 asseverantes]
2465 3111 2701 3175 Respicit

1633 3185 1896 3249 praecipue
1939 3186 2198 3237 Burrlium
2242 3192 2299 3236 et
2336 3187 2604 3250 Senecam,
2642 3191 2700 3237 et

1635 3258 1778 3309 forte
1823 3260 1982 3310 etiam
2024 3263 2152 3314 alios
2205 3263 2432 3312 Neronis
2487 3262 2698 3313 amicos.

1635 3337 1773 3388 Nam
1795 3336 1955 3391 infra:
1995 3339 2010 3367 ‘
2026 3340 2229 3411 yeniam
2252 3341 2517 3405 sperante,
2536 3340 2582 3389 si
2603 3341 2703 3389 lar·

1636 3413 1912 3476 gitionibus
1932 3414 2300 3466 validissimum
2330 3428 2588 3480 quemque
2609 3415 2702 3465 ob-

1637 3487 1961 3539 strinxisset!
2008 3492 2081 3540 Et
2096 3485 2255 3541 etiam
2276 3499 2495 3540 matrem
2514 3490 2700 3553 ipsam,

1639 3563 1784 3626 cujus
1822 3571 1998 3616 tamen
2016 3566 2137 3616 ‘ira
2165 3567 2310 3616 nulla
2345 3564 2702 3617 munificentia

1638 3637 1806 3688 leniri'
1828 3641 2018 3704 potuit.
2690 3667 2702 3673 -

1700 3720 1725 3746 ⁸
1760 3715 1900 3771 Quod
1921 3717 2097 3779 domos,
2117 3717 2278 3782 villas]
2308 3718 2468 3781 Puto,
2492 3718 2702 3768 Britan·

1637 3790 1742 3844 uici
1765 3789 1923 3854 opes,
1948 3798 2004 3841 et
2035 3807 2150 3857 quae
2183 3791 2392 3853 fuerant
2415 3793 2623 3844 Claudii
2643 3799 2704 3844 et

1638 3866 1813 3930 gentis
1842 3867 2092 3918 Claudiae.
2156 3867 2296 3917 Nam
2336 3869 2463 3919 licet
2493 3868 2704 3921 Britan·

1636 3941 1784 3991 nicus
1802 3942 1976 3992 Caesar
1994 3948 2152 4006 esset,
2172 3950 2228 3993 et
2241 3958 2306 3993 ex
2316 3946 2526 4003 Caesare
2538 3951 2705 4008 ortus,

1637 4018 1820 4069 habuit
1872 4014 2045 4070 tamen
2086 4020 2223 4075 haud
2267 4020 2426 4072 dubie
2450 4010 2703 4084 'privatas

1640 4108 1788 4159 opes,
1811 4100 1871 4144 ut
1892 4095 2057 4146 haeres
2081 4095 2286 4148 Claudii
2305 4101 2364 4145 et
2383 4095 2700 4152 Messauinae

1639 4175 1934 4235 parentum,
1956 4169 2142 4236 quibus
2162 4169 2449 4224 fruebatur.
