3100 4925
380 449 435 506 J.
461 450 522 505 C.
546 452 653 516 ὄλ]

1080 436 1491 495 Α’ΝΝΑιιυΜ
1540 432 1687 497 un.
1735 438 1878 499 xu.

2419 440 2598 506 1259

1374 639 1598 690 No'rAE

410 804 424 811 ·
451 782 609 835 Aliud
653 785 810 834 etiam
856 782 1126 859 imperium
1170 798 1447 848 proconsu-

387 863 499 912 lare
532 860 648 923 fuit,
680 860 818 924 quod
853 867 1005 909 extra
1039 860 1292 922 ordinem,
1331 867 1450 925 post

387 938 608 990 Neronis
631 951 817 999 aevum,
838 936 935 985 sibi
956 936 1288 987 vindicarunt
1311 937 1449 1001 prin-

388 1014 530 1077 cipes
568 1027 763 1075 omnes,
801 1012 940 1076 quod
979 1028 1164 1076 nempe
1200 1020 1310 1062 tum
1354 1013 1446 1062 im-

387 1103 617 1138 mensum
656 1095 711 1138 et
746 1095 1055 1151 perpetuum
1088 1089 1223 1149 fuit3
1273 1090 1351 1139 ita
1387 1095 1447 1138 ut

388 1163 517 1214 illud
532 1166 828 1215 obtinerent
842 1166 978 1214 intra
995 1174 1050 1214 et
1066 1171 1217 1215 extra
1233 1166 1447 1229 Urbem,

387 1243 530 1292 nulla
550 1242 860 1305 exceptione
899 1241 1002 1290 loci
1038 1249 1127 1290 aut
1163 1242 1444 1304 temporis:

370 1318 525 1383 «quod
551 1325 606 1367 et
627 1317 865 1380 Augusto
905 1318 1006 1381 ipsi
1043 1317 1311 1367 decretum
1335 1324 1450 1367 erat

391 1406 422 1443 a
442 1399 643 1456 senatu,
666 1394 707 1442 si
734 1394 892 1442 Dioni
916 1393 1191 1442 credimus.

455 1469 645 1533 Itaque
669 1468 711 1517 si
735 1468 937 1531 quando
970 1468 1173 1531 privato
1213 1468 1454 1532 cuipiam,

392 1545 479 1609 qui
497 1558 683 1608 nempe
705 1544 866 1591 nullos
888 1544 940 1591 in
954 1544 1099 1593 Urbe
1122 1545 1452 1606 magistratus

394 1621 648 1685 gessisset,
664 1620 1038 1669 administratio
1061 1620 1338 1682 provinciae
1363 1627 1454 1670 aut

390 1697 515 1747 belli
536 1696 893 1756 mandabatur,
916 1696 1006 1744 ille
1046 1702 1154 1744 tum
1187 1696 1456 1746 dicebatur

388 1778 691 1837 propraetore,
728 1773 809 1821 vel
843 1773 1113 1835 proconsule
1152 1771 1345 1821 bellum
1368 1788 1455 1836 ge-

393 1864 542 1910 rere3
588 1849 738 1912 eique
761 1848 837 1896 sic
878 1847 1148 1911 imperium
1177 1848 1454 1909 praetorium

392 1926 477 1975 vel
491 1926 813 1987 proconsulare
834 1923 1187 1974 deferebatur.

397 2041 404 2045 .
455 2001 544 2051 Sic
564 2000 871 2063 Angustum,
896 2000 983 2064 qui
1019 1999 1233 2064 privatis
1270 2000 1452 2063 opibus

395 2077 681 2126 exercitum
700 2075 925 2139 scripsit,
948 2070 1136 2124 aunum
1172 2090 1330 2139 agens
1362 2090 1453 2125 un-

393 2150 773 2212 devicesimum,
839 2155 1214 2212 propraetorem
1285 2151 1454 2199 creari

374 2227 610 2277 :dolebat
640 2226 839 2276 Cicero.
874 2224 1105 2288 Philipp.
1124 2239 1177 2274 v.
1212 2225 1229 2253 ‘
1256 2225 1452 2274 Demus

395 2302 556 2366 igitur
576 2301 847 2364 imperium
872 2301 1083 2362 Caesari,
1111 2301 1219 2350 sine
1244 2316 1346 2365 quo
1371 2316 1453 2350 res

394 2378 632 2429 militaris
657 2377 1021 2438 administrari,
1057 2377 1221 2426 teneri
1261 2378 1457 2427 exerci-

396 2465 502 2518 tus,
522 2453 711 2505 bellum
739 2451 848 2517 geri
870 2468 970 2502 non
994 2458 1169 2517 potest
1189 2469 1204 2514 ;
1254 2453 1323 2504 sit
1346 2469 1458 2518 pro-

398 2535 642 2594 praetore,
684 2544 748 2577 eo
780 2528 923 2592 jure,
959 2544 1060 2592 quo
1098 2529 1185 2593 qui
1228 2529 1453 2593 optim03

371 2605 488 2671 -qui
507 2605 685 2666 honos,
706 2618 994 2668 quanquam
1029 2611 1112 2653 est
1144 2619 1358 2668 magnus
1380 2606 1457 2653 illi

398 2680 562 2740 aetati,
582 2684 753 2727 tamen
793 2677 860 2726 ad
899 2679 1262 2729 necessitatem
1284 2694 1455 2729 rerum

398 2755 756 2818 gerendarum,
795 2768 894 2803 non
932 2754 1096 2803 solum
1134 2754 1200 2803 ad
1238 2754 1458 2818 dignita-

375 2837 521 2893 tem,
541 2828 744 2879 valet?-

463 2906 548 2955 Sic
583 2905 648 2954 P.
671 2904 845 2968 Scipio
879 2904 1047 2954 adhuc
1082 2906 1311 2969 privatus
1340 2921 1457 2970 pro-

398 2981 607 3030 consule
628 2980 812 3028 missus
850 2985 933 3029 est
968 2979 1019 3027 in
1051 2980 1375 3043 Hispaniam,
1399 2985 1459 3030 ut

398 3057 589 3106 bellum
607 3063 830 3119 gereret.
880 3054 967 3103 Sic
992 3060 1048 3104 et
1070 3055 1349 3119 Pompeius
1370 3056 1459 3104 ad-

318 3194 321 3197 *
396 3132 497 3182 huc
520 3147 677 3196 eques
687 3131 837 3180 Rom.
858 3130 1042 3180 missus
1059 3137 1139 3180 est
1154 3132 1460 3194 proconsule

402 3207 645 3256 adversus
667 3207 951 3255 Sertorium
972 3205 1023 3253 in
1048 3206 1373 3270 Hispaniam.

426 3303 430 3306 ·
466 3284 578 3333 Cic.
604 3284 658 3332 in
682 3284 994 3332 Maniliana:
1018 3284 1033 3310 ‘
1058 3281 1198 3333 Quid
1224 3286 1327 3331 tam
1348 3282 1460 3331 inu-

402 3360 627 3421 sitatum,
662 3375 833 3423 quam,
856 3366 915 3407 ut
941 3372 1057 3407 cum
1080 3358 1183 3407 duo
1207 3359 1458 3408 Consules

391 3435 670 3485 clarissimi
693 3434 1055 3499 fortissimique
1077 3441 1266 3496 essent,
1287 3435 1459 3498 Eques

405 3513 555 3562 Rom.
578 3511 641 3559 ad
665 3511 853 3559 bellum
875 3511 1149 3559 maximum
1169 3509 1460 3558 formidolo-

399 3587 750 3650 sissimumque
779 3587 1091 3654 proconsule
1128 3584 1457 3634 mitteretur?

402 3663 588 3711 missus
612 3669 693 3710 est
714 3676 815 3725 quo
840 3661 1046 3725 quidem
1070 3669 1319 3723 tempore,
1342 3676 1458 3709 cum

404 3744 542 3790 esset
562 3751 661 3786 non
679 3751 825 3785 nemo
847 3739 897 3786 in
920 3746 1120 3799 senatu,
1138 3739 1226 3802 qui
1243 3738 1461 3801 diceret,

404 3828 507 3863 non
548 3822 790 3877 oportere
829 3814 966 3865 mitti
1005 3816 1261 3864 hominem
1295 3815 1463 3878 priva-

389 3895 515 3939 ·tum
536 3893 867 3952 proconsule3
915 3893 974 3940 L.
990 3891 1258 3955 Philippus
1276 3891 1465 3941 dixisse

399 3963 623 4027 dicitur,
662 3979 763 4013 non
802 3980 856 4015 se
900 3967 1039 4014 illum
1080 3981 1172 4014 sua
1209 3966 1468 4020 sententia

393 4039 733 4105 proconsule,
783 4042 875 4090 sed
909 4058 1004 4105 pro
1039 4042 1329 4093 consulibus
1352 4042 1468 4093 mit·

397 4114 570 4170 ΗΜΘ

471 4188 704 4242 Atcerte
724 4191 898 4255 prisca
908 4192 1219 4256 Republica,
1232 4208 1337 4244 non
1354 4209 1468 4258 pcr-

408 4241 533 4319 indo
563 4266 950 4322 estimabantur
977 4270 1373 4335 proconsulatus
1393 4270 1469 4322 illi

1529 784 1749 849 privatis
1792 781 2042 837 mandati.
2106 787 2246 837 Nam
2279 788 2367 854 qni
2407 788 2483 838 sic
2527 803 2596 838 ex

1528 860 1742 923 privatis
1783 862 2114 924 proconsules
2150 863 2483 927 creabantur,
2503 863 2595 913 tri-

1529 936 1775 998 umphare
1795 950 1894 985 non
1915 944 2216 1001 potuerunt,
2229 940 2458 1003 quamvis
2471 941 2601 989 mul·

1530 1016 1610 1059 tas
1647 1018 1704 1061 et
1739 1012 2077 1074 amplissimas
2107 1014 2351 1063 victorias
2394 1015 2596 1064 retulis-

1527 1094 1662 1146 sent,
1684 1087 1804 1151 quia
1823 1102 2011 1151 nempe
2033 1088 2109 1138 illi
2134 1089 2243 1139 sine
2282 1091 2595 1154 magistratu

1526 1168 1584 1210 et
1618 1161 1726 1211 sine
1749 1163 1990 1225 auspiciis
2014 1165 2404 1228 Rempublicam
2427 1180 2601 1229 gesse-

1527 1245 1660 1298 rant,
1682 1238 1807 1287 licet
1829 1253 1945 1288 cum
1969 1241 2190 1304 imperio
2212 1241 2560 1305 praefuissent.

1593 1314 1679 1363 Sic
1701 1315 1931 1377 privatus
1951 1315 2120 1365 adhuc
2136 1317 2199 1368 P.
2217 1317 2390 1381 Scipio
2413 1318 2597 1367 missus

1533 1388 1588 1437 in
1621 1389 1926 1451 Hispaniam
1965 1392 2290 1455 proconsule,
2328 1393 2453 1441 licet
2475 1406 2598 1456 qua-

1534 1470 1649 1514 tuor
1670 1465 1859 1515 Poenos
1884 1466 2041 1515 duces
2079 1468 2215 1516 bello
2252 1466 2602 1532 profligasset,

1536 1546 1670 1590 teste
1717 1541 1863 1589 Livio
1902 1542 1936 1590 l.
1966 1554 2171 1591 xxvm.
2206 1550 2261 1592 et
2298 1543 2598 1607 Plutarcho,
2678 1548 2685 1553 “

1532 1622 1764 1664 attamen
1790 1617 2106 1679 triumphare
2128 1633 2231 1668 non
2255 1620 2447 1682 potuit.

1597 1691 1613 1719 ‘
1639 1691 1780 1753 Res}
1822 1690 1990 1754 inquit
2035 1691 2179 1742 Plut.
2221 1693 2237 1719 ‘
2281 1693 2595 1755 amplissimo

1536 1766 1794 1830 triumpho
1840 1765 2023 1829 dignas
2065 1766 2311 1816 censebat
2354 1773 2597 1831 senatun

1534 1841 1628 1890 sed
1648 1842 1768 1904 quia
1789 1842 1981 1889 nemini
2003 1843 2170 1891 adhuc
2193 1843 2500 1905 contigerat,
2536 1848 2597 1892 ut

1532 1932 1649 1968 cum
1671 1919 1947 1981 proconsul
1969 1924 2023 1968 et
2053 1920 2164 1967 sine
2187 1921 2495 1982 magistratu
2518 1926 2600 1969 es-

1531 2002 1632 2057 set,
1653 2010 1747 2059 pro
1770 1996 1925 2045 rebus
1950 1997 2110 2061 gestis
2146 1998 2481 2062 triumphanti
2519 1999 2596 2047 in-

1530 2072 1647 2121 vehi
1668 2073 1853 2122 liceret
1883 2072 1938 2121 in
1960 2073 2187 2134 Urbem3
2223 2089 2322 2122 nec
2357 2073 2598 2137 patribus

1529 2149 1697 2199 visum
1717 2154 1820 2212 est,
1834 2163 1932 2199 nec
1952 2149 2064 2213 ipse
2087 2150 2258 2214 Scipio
2279 2162 2598 2213 magnopere

1531 2225 1822 2287 contendit,
1863 2232 1922 2274 ut
1959 2239 2093 2275 novo
2132 2225 2370 2290 exemplo
2399 2239 2596 2274 morem

1533 2300 1801 2363 majorum,
1826 2299 1903 2349 sui
1926 2314 2096 2361 causa,
2121 2299 2535 2349 commutarent.’

1596 2376 1788 2439 Sicque
1825 2375 2121 2438 Pompeius,
2144 2375 2368 2424 omnium
2411 2376 2596 2425 Roma-

1534 2467 1717 2501 norum
1757 2451 1969 2516 primus,
1993 2467 2059 2501 ex
2096 2453 2302 2516 privato
2325 2454 2603 2516 proconsul

1537 2525 1729 2589 factus,
1747 2533 1804 2575 et
1826 2528 1977 2577 victis
1998 2527 2232 2577 hostibus
2255 2528 2307 2577 in
2328 2526 2605 2592 Hispanis,

1539 2617 1601 2650 ac
1644 2617 1763 2652 mox
1808 2602 1862 2651 in
1908 2600 2108 2667 Africa,
2129 2603 2274 2652 binos
2314 2604 2604 2669 triumphos

1538 2678 1665 2741 egit.
1717 2677 1902 2727 Cicero
1926 2678 1979 2726 in
1999 2678 2185 2727 Manil.
2204 2679 2219 2707 ⁴
2240 2678 2384 2730 Quid
2405 2686 2510 2728 tam
2528 2679 2606 2728 in·

1536 2753 1804 2816 credibile,
1817 2767 1968 2818 quam
1990 2760 2044 2801 nt
2064 2754 2251 2802 iterum
2268 2756 2439 2818 Eques
2456 2755 2603 2804 Rom.

1536 2842 1603 2877 ex
1624 2828 1725 2877 SC.
1750 2828 2093 2891 triumpharet
2111 2828 2146 2876 Ρ

1602 2903 1705 2952 Sed
1730 2903 1849 2965 quia
1884 2902 1984 2950 hoc
2018 2903 2132 2951 loco
2154 2903 2326 2952 Taciti
2338 2903 2520 2966 agitur
2538 2903 2604 2952 de
2627 2963 2635 2968 ,

1540 2978 1932 3043 proconsulatu,
1976 2978 2063 3041 qui
2101 2992 2155 3027 se
2188 2978 2255 3028 ad
2291 2978 2463 3041 plures
2485 2993 2604 3042 pro-

1536 3055 1735 3104 vincias
1774 3054 2100 3117 extenderet,
2132 3055 2199 3104 de
2239 3069 2303 3103 eo
2338 3054 2604 3118 praecipue

1538 3145 1749 3195 agemus
1781 3130 1833 3180 in
1874 3129 2227 3194 sequentibus.
2294 3130 2482 3193 Itaque
2505 3144 2604 3194 pro

1539 3223 1630 3257 suo
1640 3209 1761 3271 jure
1785 3213 1993 3269 poterat
2009 3206 2281 3269 proconsul
2296 3219 2449 3267 agere
2465 3206 2606 3255 idem

1540 3285 1675 3348 quod
1705 3284 1823 3332 olim
1848 3281 2099 3332 Consules
2139 3286 2194 3328 et
2232 3280 2496 3330 Praetores
2536 3281 2604 3334 ad

1538 3360 1731 3409 bellum
1757 3356 1994 3421 profecti,
2017 3356 2206 3405 milites
2231 3355 2480 3419 scribere,
2510 3357 2631 3449 pe·

1539 3434 1718 3485 eunias
1741 3434 1973 3495 exigere,
1997 3432 2271 3494 imperare,
2310 3446 2371 3480 ac
2409 3419 2631 3482 summa·

1540 3526 1658 3561 curn
1701 3514 1962 3573 potestate
2003 3508 2196 3556 versari
2237 3507 2289 3553 in
2323 3506 2604 3569 provinciis

1538 3588 1635 3637 sibi
1658 3586 1901 3644 decretis,
1925 3591 1980 3632 et
2006 3585 2102 3632 hoc
2127 3582 2397 3646 imperium
2428 3588 2605 3632 extra-

1538 3661 1869 3725 ordinarium,
1880 3668 1934 3708 et
1951 3672 2104 3722 supra
2121 3657 2260 3720 ipsos
2278 3659 2607 3719 proconsules

1540 3738 1643 3788 fuit
1665 3753 1726 3787 ac
1750 3744 2019 3801 praetores.

1609 3815 1726 3864 Hoc
1764 3812 2032 3876 imperium
2067 3810 2315 3873 Pompeio
2360 3810 2606 3861 traditum

1544 3889 1685 3939 bello
1709 3888 1991 3947 Piratico‚‘
2018 3893 2075 3934 ut
2101 3891 2415 3947 potestatem
2448 3885 2608 3935 habe-

1547 3970 1632 4013 ret
1671 3962 1959 4026 imperandi
1987 3960 2238 4023 Regibus,
2283 3960 2609 4027 praesidibus,

1546 4039 1868 4101 civitatibus,
1891 4044 1950 4086 ut
1963 4038 2214 4099 juvarent
2249 4051 2303 4085 se
2325 4037 2476 4086 rebus
2498 4051 2604 4086 om-

1547 4115 1733 4166 nibus!
1782 4116 1870 4165 Sic
1897 4115 2119 4178 Appian.
2142 4114 2294 4163 Mith.
2312 4120 2369 4164 et
2388 4114 2442 4163 in
2458 4114 2608 4163 mari-

1550 4192 1703 4241 timas
1723 4191 2034 4257 provincias,
2053 4205 2214 4254 usque
2232 4190 2298 4242 ad
2311 4195 2409 4246 40⁰
2421 4190 2610 4292 stadis,

1545 4266 1899 4320 extendebat
1884 4265 2185 4331 imperium.
