3100 4925
321 481 334 494 ³
410 414 706 478 maneum

1147 408 1246 460 AN
1257 407 1556 462 &Anium
1606 409 1679 460 121
1692 410 1752 459 Β.
1801 409 1979 460 xllx.

2438 398 2629 464 „moe

438 560 623 632 cos,w
663 553 727 616 ei
745 548 1100 622 sententiae
1123 513 1475 616 admi-808.
1458 556 1509 599 ·4
1550 550 1971 640 quibusdam,
1996 551 2307 618 coalitam
2325 553 2628 621 libertate

399 749 549 798 sitos
561 764 584 809 3
621 750 858 802 manui·
897 750 1260 812 wimannus-s
1302 750 1714 814 quamtamque,
1754 752 1999 801 adauctam
2041 752 2258 801 libertate
2292 750 2631 814 impudentiam

1357 878 1710 899 meenmeo
1756 892 1760 896 ⁴

403 933 634 1027 Ι«ιΙιιιειοᾶ.

683 976 837 1040 petit.
908 976 1218 1027 Oberlin.—-.4
1253 977 1323 1026 Et
1353 976 1600 1026 sententie
1632 955 1864 1025 advevffsos
1929 973 2155 1024 Brotier.
2194 987 2311 1021 cum
2347 971 2551 1035 Ryckio
2568 977 2633 1023 et
2697 986 2704 995 ·

439 990 720 1095 Gronovio.
787 1042 845 1089 M
852 1042 975 1090 allet
994 1030 1383 1104 Freinshemius,
1398 1041 1442 1089 ei
1457 1042 1717 1091 sententiae.
1740 1038 2051 1103 Placuitque
2073 1036 2275 1102 Ryckio
2299 1043 2356 1087 et
2373 1038 2629 1087 Ernesto.

437 1115 537 1152 nec
559 1104 916 1181 improbabile.
979 1106 1168 1156 Potest
1176 1112 1357 1156 tamen
1392 1104 1632 1170 intelligi,
1659 1109 1713 1153 ut
1734 1104 1860 1154 inter
1877 1118 2066 1166 paucos,
2088 1107 2135 1151 et
2162 1101 2408 1151 sententia
2430 1115 2490 1150 ac
2512 1115 2636 1149 con-

438 1169 611 1217 sensui
649 1175 858 1219 senatus
876 1172 1109 1220 adversos.
1155 1172 1276 1234 Vel,
1298 1170 1446 1235 quod
1452 1171 1625 1234 potius
1652 1168 1980 1238 crediderim,
2013 1169 2060 1216 et
2079 1157 2354 1238 redundat.
2419 1163 2631 1216 Brotier.

1423 1325 1636 1377 NOTAE

429 1449 528 1496 ree.
592 1447 692 1495 Vel
736 1448 928 1513 potius,
969 1463 1246 1499 consensus
1286 1456 1492 1499 senatus

434 1527 564 1585 erat,
584 1529 643 1572 ut
668 1524 777 1586 juri
822 1527 1074 1577 communi
1115 1528 1235 1576 nihil
1277 1528 1491 1592 deroga-

437 1604 581 1659 rent,
602 1599 729 1648 nihil
753 1602 1088 1651 innovarent·
1074 1639 1089 1664 ,
1123 1618 1240 1667 quae
1261 1606 1495 1653 sententia

437 1675 607 1725 valuit.

507 1752 659 1803 Quod
679 1753 837 1802 etiam
855 1760 936 1804 est
950 1755 1302 1805 constitutum
1308 1771 1339 1805 a
1360 1755 1495 1819 prin·

451 1828 590 1892 cipe,
629 1838 689 1879 ut
730 1830 843 1892 ipse
882 1838 937 1880 et
983 1848 1098 1881 cum
1140 1838 1324 1882 senatu
1381 1847 1498 1882 con-

440 1905 675 1970 sentiret,
698 1914 752 1955 et
772 1909 1077 1957 sententiam
1100 1914 1305 1972 patrum
1342 1923 1495 1958 aemu-

443 1981 659 2033 lai-etur.

447 2059 460 2074 ⁶
505 2063 528 2089 v
564 2055 654 2106 me
675 2057 861 2120 auctor]
913 2058 1136 2109 Omnino
1167 2059 1500 2122 crediderim,

438 2145 533 2199 pro
556 2140 604 2184 et
643 2136 922 2199 legendum
945 2137 1007 2198 ei,
1038 2137 1296 2185 levissima
1339 2143 1500 2186 muta-

441 2210 630 2260 tione:
663 2217 717 2259 ut
740 2212 869 2259 inter
898 2226 1071 2274 paucos
1090 2212 1134 2260 ei
1153 2212 1401 2261 sententia?
1420 2215 1501 2261 od·

436 2301 609 2335 versos.

506 2360 754 2410 Consules
780 2361 1097 2424 scripserunt
1132 2361 1374 2424 principi,
1421 2369 1499 2411 to-

443 2442 553 2488 tum
578 2434 690 2486 fere
729 2444 961 2487 senatum
998 2437 1096 2487 huc
1132 2437 1398 2501 inclinare,
1440 2453 1498 2488 se

447 2508 620 2563 tamen
645 2528 708 2563 ea
731 2513 797 2562 de
837 2528 890 2562 re
914 2513 1050 2562 nolle
1092 2513 1307 2575 referre,
1330 2528 1392 2564 eo
1429 2515 1502 2562 in-

399 2604 408 2610 ‘
442 2589 704 2651 consult03
737 2596 926 2653 putare
964 2598 1154 2652 autem,
1189 2604 1304 2640 cnm
1351 2592 1502 2654 pauci

447 2664 700 2723 diversam
756 2668 1063 2715 sententiam
1115 2666 1349 2730 foveant,
1384 2682 1501 2717 eum

440 2742 829 2803 inclinationem
864 2744 1069 2795 senatus
1103 2744 1259 2796 facile
1301 2751 1502 2795 secutu-

399 2824 403 2828 “
443 2820 576 2882 rum,
600 2826 655 2869 et
673 2819 1055 2871 constitutionis
1082 2830 1344 2872 auctorem
1363 2820 1503 2871 futu-

442 2906 574 2944 rum.

458 2986 462 2991 ·
511 2969 1034 3047 Simillimumjocnm
1057 2972 1255 3022 notavit
1273 2970 1506 3025 Pichena

448 3054 566 3096 xlv.
613 3050 695 3099 49.
725 3062 737 3095 ε
772 3060 891 3096 nam
934 3054 989 3098 et
1042 3048 1111 3098 ibi
1145 3048 1467 3111 praemiserat
1487 3067 1502 3098 ε

447 3123 464 3150 ‘
499 3121 720 3185 pedibus
760 3123 815 3171 in
864 3123 1169 3172 sententiam
1216 3123 1331 3195 ejus
1382 3123 1507 3192 iere,

445 3198 623 3265 paucis
658 3198 909 3248 exemtis?
951 3198 1310 3249 Freinshemius.

513 3282 546 3307 ‘⁸'
587 3275 655 3324 Ut
676 3275 803 3324 inter
820 3274 1013 3339 paucos]
1068 3276 1173 3326 Qui
1192 3290 1378 3340 nempe
1402 3277 1503 3328 fre·

448 3350 660 3400 mebant
684 3352 928 3401 adversus
950 3352 1339 3400 irreverentiam
1364 3354 1505 3403 illam

452 3433 508 3476 et
521 3427 948 3491 ingratitudinem
971 3426 1307 3476 libertorum:
1342 3433 1398 3477 ut
1434 3429 1506 3485 in·

446 3508 523 3552 ter
537 3520 728 3568 paucos,
747 3503 799 3553 id
818 3510 916 3565 est,
931 3509 1177 3568 tanquam
1199 3504 1380 3567 paucis
1400 3506 1508 3570 qui-

446 3579 667 3629 busdam
707 3582 972 3630 sententiae
1007 3596 1097 3630 seu
1120 3582 1388 3630 consensui
1430 3597 1507 3631 se-

447 3662 596 3705 natus
632 3672 687 3706 se
728 3659 1123 3721 opponentibus,
1164 3661 1249 3723 qui
1291 3660 1509 3709 coalitam

450 3734 688 3811 libertate,
726 3738 805 3797 &a
857 3738 1247 3790 irreverentiam
1297 3737 1507 3787 liberto·

452 3825 564 3859 rum
584 3810 904 3873 fremebant;
938 3828 1054 3862 cum
1078 3814 1238 3863 ceteri
1271 3813 1395 3860 nihil
1418 3813 1507 3862 de·

453 3888 739 3952 rogandum
778 3890 828 3936 in
869 3904 1136 3939 commune
1159 3889 1357 3983 legibus
1381 3889 1505 3953 pri&

451 3962 526 4013 cis
549 3963 941 4013 contenderent.

477 4038 675 4089 ·Forte
697 4039 772 4088 sic
798 4054 892 4103 per
914 4039 1259 4090 adulationem
1301 4046 1508 4090 senatus

456 4128 577 4180 erga
598 4114 815 4177 libertos
855 4117 1142 4179 Caesareos,
1163 4120 1220 4165 et
1249 4130 1337 4166 eos
1376 4131 1507 4180 prae-

450 4191 601 4254 cipue
646 4191 733 4255 qui
769 4191 821 4239 in
875 4189 1115 4254 flagranti
1167 4193 1333 4253 gratia
1368 4191 1506 4255 apud

411 4256 416 4267 ⁶
452 4268 762 4337 principem,
781 4268 863 4318 vel
885 4267 939 4316 in
959 4264 1186 4318 suosmet
1208 4267 1445 4319 libertos-

579 4348 756 4417 Detpk.
774 4354 821 4399 et
848 4345 960 4400 Var.
983 4349 1111 4399 Clas.

1467 4346 1627 4400 Tacit.

1639 1450 1739 1498 Vel
1787 1448 1945 1497 etiam
1985 1461 2080 1510 per
2135 1443 2535 1495 assentationem
2578 1440 2630 1489 in

1574 1525 1714 1588 ipsos
1736 1524 2117 1587 imperitantes,
2156 1522 2245 1586 qui
2277 1526 2384 1569 tum
2410 1518 2631 1568 maxime

1576 1599 1822 1649 favebant
1845 1599 2007 1647 servis
2029 1612 2089 1646 ac
2113 1595 2332 1657 libertis,
2352 1600 2414 1643 ut
2432 1608 2534 1644 non
2555 1594 2634 1642 ita

1578 1690 1609 1724 a
1649 1676 1868 1725 dominis
1909 1688 1998 1723 seu
2043 1672 2274 1757 patronis
2327 1670 2634 1733 penderent,

1580 1752 1699 1814 quin
1718 1757 1888 1799 tamen
1906 1750 1956 1797 in
1969 1764 2057 1798 eos
2082 1747 2365 1810 insurgere,
2381 1752 2437 1796 et
2448 1746 2635 1795 eosde

1576 1826 1733 1887 ferre,
1751 1835 1805 1875 et
1846 1841 2093 1875 accusare
2117 1825 2387 1889 aliquando
2410 1829 2639 1886 possent,

1579 1903 1737 1951 etiam
1761 1901 1902 1960 falsis
1924 1901 2238 1950 criminibus.
2305 1898 2360 1947 Si
2385 1898 2458 1947 ita
2479 1911 2532 1945 se
2552 1910 2637 1947 res

1577 1978 1776 2042 habuit,
1808 1985 1866 2027 ut
1918 1975 2142 2039 videtur,
2192 1984 2305 2024 tum
2361 1987 2636 2022 consensus

1578 2064 1785 2105 senatus
1805 2053 1907 2105 fuit
1924 2068 2021 2117 pro
2043 2052 2263 2115 libertis,
2283 2057 2338 2099 ut
2355 2050 2455 2098 fuit
2476 2048 2636 2106 etiam

1579 2139 1792 2183 eventus
1816 2132 2018 2197 judicii.
2082 2124 2521 2191 Quod'flagitium
2561 2131 2638 2175 ta-

1577 2215 1698 2257 men
1712 2203 1875 2271 ‘magis
1919 2205 2134 2255 invaluit
2154 2219 2292 2266 mox,
2312 2216 2427 2251 cum
2452 2201 2636 2252 saevire

1580 2290 1639 2335 et
1660 2281 1882 2347 grassari
1901 2284 2063 2346 coepit
2085 2282 2248 2330 Nero.

1654 2361 1720 2409 Ut
1743 2361 1869 2409 inter
1885 2358 2079 2424 paucos]
2132 2357 2194 2405 Id
2236 2361 2335 2416 est,
2380 2359 2638 2420 statueret

1582 2435 1711 2500 ipse,
1734 2441 1789 2487 et
1805 2427 2000 2486 arbiter
2017 2441 2173 2496 esset,
2194 2433 2337 2482 velut
2355 2433 2495 2481 inter
2515 2445 2638 2495 pau·

1581 2526 1668 2563 cos
1702 2514 1791 2578 qui
1822 2513 2110 2574 sententia»,
2141 2511 2195 2559 id
2236 2516 2336 2578 est,
2368 2507 2639 2559 consensui

1587 2597 1809 2650 senatus,
1840 2604 1990 2656 quem
2024 2587 2442 2654 perscribebant,
2462 2586 2640 2643 adver·

1585 2666 1839 2730 sai-entur,
1860 2673 1923 2716 ut
1958 2668 2073 2730 ipse
2105 2673 2348 2731 tanquam
2374 2662 2552 2727 paucis
2591 2661 2641 2709 ei

1584 2744 1860 2792 sententiae
1916 2742 2165 2791 adversis⁴
2202 2739 2538 2805 dijudicaret,
2585 2743 2641 2786 et

1582 2833 1677 2881 pro
1699 2818 1913 2868 arbitrio
1946 2822 2220 2868 statueret.
2270 2834 2275 2841 ·

1594 2910 1597 2915 ·
1651 2896 1874 2949 Quinam
1914 2902 2088 2946 autem
2123 2895 2282 2944 fuerit
2317 2895 2405 2943 ille
2427 2906 2641 2958 consen·

1585 2988 1669 3023 sus
1692 2979 1900 3024 senatus
1936 2975 2174 3038 praecise,
2208 2985 2311 3022 non
2333 2971 2458 3021 satis
2493 2975 2644 3034 patet

1585 3052 1653 3101 ex
1699 3051 1866 3102 verbis
1909 3051 2102 3101 Taciti.
2171 3051 2308 3099 Nam
2337 3047 2379 3114 si
2429 3059 2642 3097 consen-

1590 3127 1751 3177 tirent
1774 3129 2021 3177 adversus
2044 3128 2276 3188 libertos,
2297 3110 2460 3186 certe,
2480 3128 2538 3172 ut
2576 3135 2649 3170 ex-

1589 3211 1783 3253 eventu
1805 3204 1911 3253 litis
1935 3209 2159 3271 constat,
2177 3216 2268 3253 sua
2284 3214 2374 3281 spe
2405 3197 2645 3249 frustrati

1585 3285 1724 3341 sunt,
1746 3278 1951 3327 delusus
1968 3266 2265 3327 consensus.

1651 3354 1786 3403 Sane
1809 3368 1928 3403 cum
1950 3354 2064 3417 lego
2103 3354 2192 3402 illa
2213 3351 2388 3411 verba,
2424 3352 2646 3400 adversus

1592 3431 1715 3478 male
1756 3430 1945 3491 meritos
1989 3428 2259 3492 revocandoe
2300 3426 2533 3475 libertatis
2560 3426 2649 3485 jus

1583 3503 1803 3568 patronis
1822 3506 2035 3567 daretur,
2065 3512 2123 3552 et
2137 3503 2333 3565 statim,
2353 3517 2436 3550 nec
2453 3504 2647 3550 deerant

1585 3582 1665 3645 q‘m‘
1681 3585 1940 3642 censerent,
1965 3594 2151 3644 nempe
2160 3580 2247 3643 jus
2269 3577 2396 3627 illud
2419 3575 2645 3626 dandum

1588 3656 1838 3720 patronis,
1882 3662 2029 3721 puto,
2049 3657 2459 3719 perscripserunt
2500 3653 2646 3702 illum

1588 3742 1853 3785 eonsensum
1873 3738 2078 3793 senatus,
2120 3736 2305 3793 nempe
2342 3729 2646 3779 firmandum

1577 3809 1663 3872 jus
1686 3809 1812 3857 illud
1838 3815 2173 3877 patronorum
2195 3794 2438 3881 adversus
2477 3807 2645 3905 ingra-

1589 3891 1666 3934 tos
1688 3885 1918 3936 libertos.

1651 3961 1727 4013 At
1762 3976 1875 4012 cum
1916 3963 2034 4026 lego
2064 3963 2165 4011 ista
2202 3961 2305 4010 alia
2341 3961 2533 4010 verba.
2578 3961 2646 4009 Ut

1588 4039 1718 4088 inter
1733 4038 1904 4104 paucos
1923 4040 1970 4089 ei
2003 4040 2250 4103 sententiae
2279 4040 2510 4099 adversos,
2548 4036 2648 4099 qui·

1588 4116 1800 4180 busdam,
1816 4117 2036 4166 coalitam
2049 4116 2268 4165 libertate
2277 4112 2652 4175 irreverentiam,

1575 4191 1909 4256 frementibus,
1944 4194 2027 4255 ξε.
2095 4191 2339 4242 videntur
2380 4189 2538 4254 pauci
2572 4188 2648 4242 illi

1587 4268 1842 4319 sustinere
1890 4269 1979 4333 jus
2024 4274 2361 4334 patronorum
2400 4266 2649 4318 adversus

2414 4346 2514 4402 ⁵0
