3100 4925
328 427 336 434 '
399 435 675 501 J.C.5a]

1110 431 1521 483 A'NNALIUM
1570 435 1717 486 Lm.
1763 437 1908 487 xlr.

2424 414 2600 497 1371

1388 660 1610 711 NOTAE

404 791 649 856 suspecta
689 791 769 835 est
802 801 864 835 eo
901 786 1034 848 loci;
1070 794 1125 837 et
1163 794 1312 852 puto,
1347 804 1461 838 eam

400 864 485 922 vel
507 863 803 911 mutandam
834 878 969 925 esse,
1006 866 1088 913 vel
1123 879 1329 927 prorsus
1367 865 1461 913 tol-

401 936 625 986 lendam.
693 939 827 986 Nam
851 939 898 986 in
926 945 1036 987 tota
1070 955 1133 987 ea
1170 940 1460 989 narratione

390 1013 587 1073 Taciti,
625 1003 691 1061 de
726 1015 833 1063 solo
876 1015 1120 1064 Narcisso
1155 1016 1340 1076 agitur,
1375 1017 1460 1079 qui

403 1087 556 1136 variis
597 1088 734 1138 curis
776 1089 957 1136 anxius
986 1089 1094 1153 jam
1140 1090 1460 1152 praevidebat

399 1165 652 1214 “Certum
676 1166 770 1213 sibi
805 1168 1100 1229 perniciem,
1136 1183 1226 1217 seu
1258 1169 1461 1217 Britan-

401 1240 546 1308 nicus
567 1256 734 1290 rerum
770 1257 859 1290 seu
884 1244 1029 1292 Nero
1073 1244 1373 1307 potiretur3'
1404 1251 1461 1294 et

401 1324 574 1366 cetera
591 1331 704 1380 quae
728 1324 1030 1381 sequuntur.

456 1393 698 1457 'Ideoque
731 1395 746 1421 ‘
774 1394 825 1441 in
849 1400 994 1441 tanta
1022 1394 1155 1442 mole
1190 1408 1425 1444 curarum
1442 1394 1459 1416 ’

409 1483 513 1518 non
575 1470 821 1531 Claudius,
892 1470 977 1534 qui
1050 1471 1212 1519 nullas
1285 1479 1459 1534 partes

402 1545 560 1596 habet
600 1546 651 1594 in
697 1562 758 1595 ea
801 1546 1094 1595 narratione
1138 1547 1325 1611 Taciti,
1368 1548 1459 1597 sed

405 1624 657 1671 Narcissus
694 1624 805 1687 ipse
841 1623 977 1671 idem
1017 1625 1030 1651 ‘
1058 1624 1109 1672 in
1145 1630 1292 1674 tanta
1329 1628 1459 1674 mole

403 1713 660 1760 curarum,
698 1699 914 1747 adversa
937 1698 1230 1748 valetudine
1248 1700 1460 1763 corripi-

406 1781 508 1835 tur,
548 1774 945 1839 refovendisque
992 1775 1183 1824 viribus
1241 1776 1458 1825 mollitie

399 1850 537 1918 coeli,
576 1854 672 1900 ὅτε.
707 1851 997 1898 Sinuessam
1022 1850 1245 1913 pergit?
1278 1850 1363 1898 ubi
1402 1855 1458 1899 et

401 1925 531 1975 mori
557 1923 672 1975 mox
693 1926 892 1988 cogitur
916 1926 979 1974 ab
1001 1924 1318 1989 Agrippina:
1357 1938 1456 1974 nou

406 2004 650 2064 Claudius,
671 2003 755 2067 qui
773 2003 908 2050 nullo
933 2001 1084 2050 modo
1105 2016 1245 2064 a’ger
1267 2016 1331 2050 ex
1350 2000 1459 2048 aliis

401 2078 718 2139 auctoribus,
755 2083 810 2125 et
849 2077 954 2140 iqui,
992 2083 1047 2124 ut
1082 2081 1229 2138 patet
1251 2090 1315 2123 ex
1347 2076 1461 2139 ipsa

400 2153 614 2202 historia
634 2154 730 2201 hac
746 2154 930 2216 Taciti,
951 2151 1051 2200 non
1071 2152 1197 2200 urbe
1219 2152 1345 2213 exit,
1368 2150 1460 2200 sed

397 2223 579 2278 Romae
604 2229 819 2277 moritur
840 2229 889 2275 in
915 2227 1121 2290 palatio.

421 2292 426 2298 ¹
469 2305 655 2368 Neque
701 2305 856 2352 ctiam
894 2318 1033 2365 aeger
1069 2301 1166 2350 fuit
1208 2303 1461 2352 ullatenus

397 2374 511 2442 ipse
534 2378 793 2440 Claudius,
815 2393 880 2426 ex
915 2377 1026 2440 ipsa
1048 2377 1142 2424 hac
1166 2378 1463 2425 narratione

400 2451 567 2505 Taciti
589 2470 601 2503 z
638 2470 754 2502 nam
779 2470 823 2503 c.
849 2457 927 2503 67.
950 2455 964 2480 ‘
990 2451 1212 2502 infusum
1237 2452 1461 2502 delceta-

400 2522 491 2581 bili
534 2530 650 2579 cibo
693 2530 985 2579 boletorum
1027 2543 1312 2589 venenum3
1364 2544 1461 2578 nec

400 2598 504 2656 ‘sim
563 2607 916 2656 medicaminis
985 2606 1158 2655 statim
1229 2606 1462 2654 intellec-

403 2688 529 2744 tam,
552 2682 851 2732 socordiane
893 2681 1115 2745 Claudii,
1150 2696 1213 2729 an
1237 2682 1463 2730 vinolen-

402 2750 510 2809 tia!

399 2836 408 2842 ’
465 2836 620 2887 Unde
641 2835 776 2885 clare
801 2841 968 2898 patet,
1006 2848 1107 2881 non
1131 2831 1352 2881 infusum
1378 2848 1462 2881 ve-

401 2928 591 2962 nenum
630 2908 845 2960 Cl'audio
880 2925 1039 2972 aegro,
1079 2914 1130 2956 et
1163 2909 1284 2973 quia
1323 2923 1462 2971 aeger

403 2995 559 3052 esset,
581 2989 671 3037 sed
695 2988 744 3036 iu
764 2987 997 3036 convivio
1019 2991 1071 3034 et
1095 2986 1230 3035 inter
1249 2987 1459 3048 epulas;

403 3073 459 3115 et
497 3064 834 3127 Agrippinam
871 3062 1028 3109 etiam
1054 3076 1151 3109 non
1186 3061 1459 3123 arripuisse

401 3128 724 3192 occasionem
765 3138 948 3185 veneni
990 3136 1298 3198 propinandi
1342 3136 1459 3197 ipsi,

403 3211 524 3285 'quia
549 3231 686 3280 aeger
709 3220 862 3270 esset,
898 3211 988 3259 sed
1023 3211 1141 3274 quia
1173 3217 1281 3258 tum
1317 3210 1460 3258 abes-

403 3299 483 3343 set
506 3291 798 3350 Narcissus,
836 3285 1250 3351 vigilantissimus
1288 3291 1459 3335 custos

404 3364 666 3432 principis·

468 3442 628 3491 Patet
650 3441 808 3488 etiam
832 3437 970 3501 apud
993 3437 1248 3497 Tacitum,
1271 3442 1394 3484 tunc
1432 3450 1462 3484 e

403 3516 641 3567 convivio
678 3522 880 3577 raptum
913 3528 1026 3561 esse
1048 3512 1336 3571 Claudium,
1366 3506 1476 3559 dis-'

405 3599 604 3644 tentum
635 3593 818 3655 epulis,
854 3596 907 3638 et
931 3590 1049 3637 vino
1083 3601 1362 3652 somnoque
1385 3601 1464 3635 so·

403 3670 588 3737 pituxn,
610 3669 659 3715 in
681 3668 847 3716 cubile
868 3684 881 3726 ;
906 3673 959 3714 et
983 3667 1054 3714 sic
1071 3666 1204 3714 bene
1226 3664 1462 3725 valuisse,

403 3760 562 3810 seque
609 3744 951 3817 ingurgitasse
997 3741 1135 3803 vin0,
1178 3747 1230 3789 et
1275 3740 1462 3802 largius

405 3821 652 3871 invitasse
699 3835 792 3882 pro
838 3820 991 3867 solito
1030 3833 1204 3866 more:
1261 3818 1311 3865 in
1358 3831 1461 3880 quo

405 3896 648 3945 ‘convenit
678 3894 886 3943 Tacitus
922 3909 1034 3943 cum
1067 3893 1231 3941 Dione
1254 3899 1308 3941 et
1342 3893 1464 3940 Sue-

408 3971 567 4021 tonio.
636 3972 820 4033 Sicque
857 3971 991 4017 nullu
1027 3970 1245 4018 adversa
1271 3971 1465 4017 valetu-

406 4042 528 4098 dine
558 4056 824 4110 correptus
858 4047 1123 4107 Claudius,
1165 4046 1288 4110 quin
1313 4045 1468 4092 imme

405 4114 646 4187 'epulatus
669 4130 767 4184 est,
793 4131 850 4171 ut
869 4122 1086 4172 solebat.

474 4192 709 4248 Adverte
733 4198 910 4258 etiam,
947 4211 1100 4260 quam
1139 4195 1251 4243 haec
1291 4208 1468 4257 parum

410 4270 721 4326 conveniant
745 4272 979 4325 Claudio.
1047 4271 1183 4322 Nam
1203 4282 1333 4336 ‘quae
1363 4282 1470 4320 mo-

1542 791 1619 839 les
1682 805 1917 841 curarum
1975 790 2266 854 exagitaret
2329 788 2601 840 Claudium

1537 867 1638 916 hoc
1680 868 1828 916 loco?
1892 882 1958 915 an
1999 872 2178 915 certam
2219 866 2312 914 sibi
2348 866 2603 928 pemiciem

1543 947 1885 1009 ominabatur,
1905 961 1984 994 seu
2002 945 2311 993 Britannicus
2345 959 2500 992 rerum
2522 959 2603 993 seu

1545 1017 1676 1071 Nero
1702 1021 1977 1085 potiretur?
2011 1037 2072 1069 an
2109 1021 2173 1069 de
2207 1019 2506 1083 Agrippinae
2549 1027 2605 1071 et

1544 1099 1796 1148 Pallantis
1820 1098 2074 1147 adulterio
2099 1097 2316 1144 anxius?
2351 1095 2487 1145 hisce
2512 1095 2602 1145 ob·

1542 1175 1722 1223 noxius
1747 1182 1800 1223 et
1824 1181 2052 1224 assuetus
2086 1172 2284 1235 pridem
2311 1188 2322 1218 :
2356 1185 2453 1219 nec
2478 1170 2603 1220 talia

1540 1249 1653 1297 haec
1678 1255 1847 1310 erant,
1871 1249 2054 1313 quibus
2077 1249 2188 1312 ipsc
2214 1261 2373 1311 usque
2395 1247 2448 1295 in
2472 1261 2603 1296 mor-

1540 1323 1662 1372 bum
1686 1323 2039 1373 afflictaretur.

1605 1399 1722 1448 Scio
1740 1407 1883 1448 certe
1909 1399 2037 1461 baec,
2056 1415 2173 1464 quae
2194 1398 2267 1447 ibi
2285 1399 2468 1447 Tacito
2487 1413 2603 1448 nar·

1542 1482 1722 1523 rantur
1748 1475 1896 1524 valde
1937 1474 2170 1535 confusa,
2216 1482 2271 1524 et
2307 1474 2416 1524 fere
2442 1475 2605 1524 tribui

1542 1565 1710 1613 posse,
1735 1550 1945 1611 perinde
1969 1550 2211 1598 Claudio:
2250 1556 2304 1598 et
2326 1557 2468 1599 certe
2486 1564 2605 1598 ean·

1541 1624 1657 1672 dem
1683 1623 1863 1672 habuit
1886 1639 2080 1682 curam,
2101 1640 2252 1688 quam
2268 1626 2480 1674 libertus
2504 1617 2603 1675 sibi

1540 1698 1860 1747 fidelissimus
1885 1706 1940 1747 et
1962 1699 2026 1748 ab
2060 1695 2308 1760 epistolis,
2344 1706 2399 1748 et
2420 1702 2601 1750 eadem

1542 1789 1761 1822 arcana:
1800 1782 1854 1823 et
1877 1780 2017 1822 certe
2045 1774 2136 1821 hos
2172 1775 2374 1822 eosdem
2398 1784 2603 1838 questus

1542 1854 1597 1899 et
1638 1856 1803 1898 metus
1844 1855 2028 1911 aperte
2066 1849 2341 1898 Suetonius
2383 1850 2603 1906 Claudio

1542 1925 1742 1986 tribuit,
1787 1925 1872 1988 qui
1897 1923 2007 1987 ipse
2030 1922 2141 1986 jam
2167 1924 2508 1986 cupiditatem
2530 1924 2603 1975 A·

1541 2001 1797 2066 grippinae
1844 2007 1898 2049 et
1936 2014 2165 2049 errorem
2200 2000 2499 2068 nuptiarum
2548 2007 2605 2051 et

1541 2069 1837 2139 adoptionis
1861 2077 2226 2140 cognoscebat.

1605 2153 1706 2202 Sed
1745 2159 1937 2216 tamen,
1974 2159 2031 2201 ut
2052 2151 2213 2201 Taciti
2242 2151 2469 2200 narratio
2506 2156 2605 2220 est,

1539 2229 1714 2278 omnia
1749 2229 1859 2277 boec
1900 2228 1951 2276 in
1991 2229 2290 2278 Narcissum
2324 2242 2480 2275 unum
2519 2243 2606 2276 ca-

1541 2302 1702 2351 dunt:
1738 2302 1823 2351 hic
1846 2317 1975 2351 unus
2012 2303 2191 2350 anxius
2224 2303 2360 2350 curis
2401 2303 2474 2350 ibi
2515 2303 2604 2351 de·

1544 2377 1804 2440 scribitur,
1836 2377 1972 2425 unde
1995 2384 2050 2426 et
2071 2377 2230 2439 ipsius
2254 2378 2401 2424 unius
2426 2377 2605 2426 adver-

1537 2447 1600 2502 ‘sa
1631 2452 1883 2503 valetudo
1916 2458 1971 2502 et
2009 2454 2272 2502 abscessus
2312 2452 2604 2504 Sinuessam

1542 2531 1828 2595 colligitur.

1606 2608 1678 2655 Et
1702 2612 1757 2654 ut
1782 2611 1957 2655 narrat
1975 2606 2204 2667 Tacitus,
2242 2606 2404 2654 nullas
2428 2610 2606 2670 partes

1541 2680 1701 2731 babet
1738 2682 1820 2731 hic
1843 2682 2112 2743 Claudius,
2150 2682 2247 2729 nisi
2267 2697 2382 2729 cum
2408 2696 2606 2730 veneno

1545 2758 1822 2821 occiditur,
1857 2759 1999 2806 nulla
2023 2772 2146 2807 voce
2184 2759 2400 2818 prolata.
2467 2758 2606 2805 Nam

1547 2837 1726 2885 statim
1754 2836 1903 2897 pinna
1939 2849 2109 2882 veneno
2143 2833 2286 2892 illita,
2325 2833 2484 2895 priori
2522 2845 2609 2880 ve-

1541 2926 1676 2960 neno
1713 2910 2098 2974 superadditur,
2130 2923 2195 2957 ne
2230 2906 2440 2957 effutire
2481 2908 2606 2973 quid

1542 2989 1722 3053 possit.

1606 3064 1905 3112 Narcissum
1931 3064 2092 3112 solum
2127 3077 2322 3126 regrum
2358 3062 2514 3125 curis,
2550 3069 2606 3113 et

1541 3139 1723 3187 morbo
1746 3145 2064 3201 correptum,
2101 3138 2290 3186 abiisse
2314 3138 2605 3189 Sinuessam

1543 3214 1825 3262 clarissime
1848 3220 1996 3276 patet
2014 3230 2076 3262 ex
2102 3216 2266 3261 Dione
2287 3215 2320 3262 l.
2339 3228 2446 3264 Lxx.
2471 3216 2486 3242 ‘
2504 3214 2606 3264 Vc-

1541 3305 1729 3338 nenum
1753 3288 2131 3337 immedicabile
2156 3297 2498 3351 praeparatum
2520 3291 2609 3341 bo·

1541 3368 1651 3417 leto
1690 3363 1882 3413 infudit
1921 3364 2231 3427 Agrippina,
2272 3370 2372 3414 διο.
2453 3360 2607 3417 Quod

1542 3448 1604 3490 ut
1628 3439 1802 3489 facere
1828 3447 2025 3502 posset,
2060 3440 2355 3487 Narcissum
2382 3441 2431 3487 in
2458 3440 2608 3489 Cam-

1543 3517 1772 3581 paniam,
1828 3515 1971 3578 quasi
2017 3513 2263 3562 adversus
2325 3515 2607 3578 podagram
2690 3558 2703 3569 ,

1547 3592 1691 3656 aquis
1730 3591 1838 3654 ejus
1880 3589 2106 3653 regioniS
2129 3605 2333 3638 usurum
2369 3589 2607 3640 amanda·

1545 3674 1712 3728 verat,
1749 3665 2144 3714 attentissimum
2173 3665 2360 3713 domini
2385 3666 2461 3714 sui
2495 3681 2606 3715 cus-

1545 3744 1734 3804 todem,
1756 3749 1812 3791 et
1834 3756 1935 3805 quo
1976 3747 2247 3803 praesente,
2274 3756 2529 3805 uunquam
2553 3740 2608 3795 id

1544 3817 1745 3867 facinus
1770 3824 2072 3881 perpetrare
2097 3815 2385 3877 potuisset.'
2437 3817 2606 3880 Ipsius

1546 3895 1702 3943 etiam
1733 3892 1961 3942 Narcissi
1999 3889 2193 3951 caedes,
2229 3891 2431 3941 Claudii
2452 3909 2609 3942 necem

1545 3969 1785 4017 subsecuta
1808 3972 1893 4015 est.

1549 4042 1557 4047 “
1615 4046 1684 4093 Et
1715 4049 1880 4101 certe,
1922 4056 1984 4089 an
2022 4042 2337 4091 commodius
2379 4046 2613 4092 necasset

1552 4119 1843 4184 Agrippina
1866 4119 2135 4168 Claudium
2162 4120 2211 4166 in
2238 4119 2452 4167 morbo?
2485 4134 2608 4168 num

1549 4197 1724 4260 potius
1757 4196 1953 4244 exitum
1994 4195 2159 4243 morbi
2192 4194 2387 4258 fatique
2424 4208 2611 4261 expecf·

1548 4276 1711 4322 tasset
1739 4269 1888 4335 ipsa?
1923 4283 1990 4318 an
2023 4269 2335 4319 commodius
2359 4269 2495 4334 apud
2532 4268 2608 4319 Si-
