3100 4925
494 389 549 442 J.
575 390 636 439 c.
659 387 767 451 ss]
1195 384 1616 436 ANNALIUM
1667 387 1816 436 ms.
1865 386 2011 435 xit.
2054 457 2069 476 ,

2527 371 2700 442 1367

497 527 593 612 (si
664 527 733 591 N
735 546 846 592 cro
918 529 1343 611 imperitaret.
1457 526 1840 592 Britannico
1935 525 2373 606 successore‚¹¹
2449 528 2702 595 nullum

501 629 810 711 Principi
827 627 1175 705 meritum-,¹
1200 611 1645 713 ac)'novercae
1676 630 1933 696 insidiis
1962 630 2230 702 domum
2261 649 2516 693 omnem
2545 649 2704 693 con-

497 730 674 807 velli,
702 730 956 813 majore
986 729 1265 811 flagitiO,
1296 750 1497 813 quam
1527 732 1587 793 si
1612 731 2097 814 impudicitiam
2121 732 2360 814 prioris
2391 730 2695 814 conjugis

495 901 698 977 bfferr1,
720 918 759 965 si
780 931 949 967 rerum
975 918 1232 981 potiretur
1254 919 1416 968 Nero.
1481 919 1534 967 Si
1562 906 1890 969 Britannicus
1908 917 2215 966 succederet
2236 916 2393 980 patri,
2410 921 2539 965 certe
2562 918 2703 965 nullo

502 983 686 1030 merito
705 982 803 1029 sibi
825 982 1122 1031 devinctum
1145 984 1266 1031 hunc
1297 985 1606 1046 principem,
1631 991 1862 1033 attamen
1885 997 2120 1031 novercae
2155 982 2275 1029 dolo
2297 996 2358 1029 ac
2392 981 2572 1029 fraude
2596 982 2705 1030 uni-

504 1060 701 1095 versam
723 1046 931 1095 domum
971 1048 1175 1095 Caesaris
1207 1046 1537 1109 labefactari,
1565 1049 1747 1112 majori
1768 1047 1966 1097 scelere
1991 1061 2145 1111 qnam
2169 1046 2213 1094 si
2235 1045 2497 1095 libidinem
2520 1045 2705 1107 prioris

1498 1176 1713 1227 NOTAE

564 1267 588 1301 Β
621 1269 907 1320 Britannico
938 1272 1217 1334 successore]
1285 1274 1567 1337 conjectat
1645 1280 1818 1323 tamen
1841 1271 2018 1321 videre
2059 1286 2135 1334 se,
2156 1285 2366 1322 noverca:
2401 1268 2706 1333 Agrippinas

503 1345 798 1409 Narcissus,
836 1347 933 1395 sibi
968 1351 1284 1410 pereundum
1299 1363 1437 1413 esse,
1456 1349 1593 1398 sive·
1638 1348 1834 1398 insidiis
1871 1351 2059 1398 domum
2100 1363 2282 1399 omnem
2319 1346 2568 1411 principis
2606 1360 2714 1395 con-

493 1421 667 1482 ·Nero,
706 1422 815 1472 sive
836 1423 1167 1472 Britannicus
1202 1426 1442 1488 imperet.
1506 1426 1564 1474 Si
1639 1426 1771 1489 velli,
1808 1425 1955 1488 cujus
1999 1425 2152 1474 saluti
2210 1424 2479 1474 consulere
2528 1422 2710 1485 vellet,

494 1497 650 1546 ·Nero
672 1497 912 1560 imperet,
954 1500 1273 1560 pereundum
1315 1501 1412 1549 sibi
1447 1501 1566 1551 odio

503 1571 825 1635 Agrippinae,
864 1579 920 1622 et
965 1575 1084 1638 qnia
1120 1576 1418 1625 adversatus
1457 1576 1568 1639 ejus

499 1652 698 1714 nuptiis
720 1650 914 1712 fuerit3
949 1652 991 1700 si
1020 1652 1352 1702 Britannicus
1393 1668 1568 1702 sncce-

493 1727 601 1788 dit,
622 1729 799 1776 millum
816 1728 1039 1791 principi,
1060 1729 1112 1776 id
1128 1735 1227 1789 est,
1246 1728 1571 1790 Britannico,

497 1803 756 1860 «Μενίππη
787 1805 967 1867 <vocat
988 1818 1103 1852 eum
1135 1803 1416 1866 principem,
1450 1804 1570 1866 quia

505 1876 586 1925 de‘
612 1892 678 1925 eo
711 1879 822 1941 jam
866 1886 926 1927 ut
968 1893 1267 1929 successore
1310 1880 1570 1942 cogitatz)

495 1953 652 2016 quasi
696 1954 918 2013 diceret,
954 1956 1147 2004 nullum
1185 1970 1332 2004 suum
1367 1957 1570 2004 esse'in

499 2030 860 2080 Britannicum
876 2031 1160 2095 principem
1174 2033 1433 2095 meritum,
1450 2032 1572 2096 qnia

499 2113 726 2156 -matrem
763 2108 900 2156 illius
947 2108 1242 2171 occidisset,
1291 2124 1389 2158 nec
1429 2107 1569 2158 forte

508 2196 619 2231 esse
640 2198 811 2245 posse,
836 2183 956 2247 quia
977 2198 1216 2233 novercae
1259 2184 1458 2233 insidiis
1479 2184 1571 2232 do·

501 2273 621 2307 mus
642 2259 805 2308 omnis
828 2260 1156 2320 convenitur,
1192 2266 1247 2309 et
1268 2260 1444 2319 mnjore
1468 2259 1567 2321 fla-

506 2337 649 2398 gitio,
669 2352 808 2399 quam
827 2337 871 2384 si
909 2337 1257 2400 impudicitiam
1282 2337 1571 2385 Messalam

505 2411 796 2462 reticuisset.

503 2514 511 2523 ·
576 2490 761 2553 Itaque
780 2495 956 2538 certam
978 2490 1071 2539 sibi
1094 2489 1350 2553 perniciem
1380 2493 1574 2541 omina·

505 2573 615 2626 tur,
646 2566 840 2614 utervis
882 2567 1139 2629 imperet;
1183 2568 1300 2617 binc
1359 2575 1576 2632 propter

512 2639 842 2691 offensionem
884 2640 1189 2706 Agrippinae
1236 2650 1293 2694 et
1330 2646 1578 2708 Neronis,

501 2716 672 2778 illinc,
715 2717 837 2780 quia
876 2718 1068 2767 nullum
1108 2719 1206 2768 sibi
1242 2722 1482 2770 meritum
1523 2722 1576 2769 in

503 2793 904 2853 Britannicum3
940 2807 1108 2856 neque
1154 2795 1311 2843 etiam
1345 2795 1484 2845 forte
1522 2797 1578 2844 in

500 2867 683 2930 >ipsum
718 2868 1005 2930 principem
1045 2868 1316 2918 Claudium
1351 2885 1466 2920 esse
1489 2886 1578 2933 po-

499 2951 640 3004 ·test,
659 2945 781 3008 quia
801 2959 1010 2995 novercae
1030 2946 1219 2999 insidiis
1236 2953 1427 2996 cuncta
1461 2948 1580 2996 sub-

504 3026 813 3081 sonantur,
830 3022 928 3068 dcc.

503 3124 508 3129 -
583 3096 654 3144 Et
686 3092 746 3141 τὸ
766 3109 822 3142 cc
856 3109 1068 3144 noterca
1102 3099 1183 3142 est
1217 3096 1384 3145 veluti
1422 3098 1580 3160 ratio,

505 3186 686 3237 qnam.
709 3170 883 3220 reddit
925 3170 1217 3229 Narcissus,
1252 3185 1344 3219 cur
1382 3172 1580 3220 nullum

517 3262 666 3296 suum
708 3246 947 3295 meritum
1003 3244 1092 3306 sit,
1135 3251 1227 3294 aut
1281 3244 1420 3296 forte
1466 3262 1582 3295 esse

519 3323 687 3386 possit
705 3321 760 3370 in
778 3320 1082 3383 principem,
1098 3321 1256 3369 etiam
1279 3321 1321 3369 si
1342 3336 1436 3384 per
1448 3323 1585 3385 prin-

507 3398 667 3461 cipem
703 3396 959 3457 intelligas
992 3394 1282 3455 Claudium,
1320 3396 1427 3444 sive
1468 3397 1585 3445 Bri·

507 3472 784 3522 -tannicum
807 3487 822 3531 ς
849 3471 1017 3519 ‘idern
1057 3471 1193 3519 enim
1247 3478 1346 3520 est.
1429 3471 1584 3522 Quod

506 3547 662 3596 -enim
700 3547 866 3609 majus
903 3545 1078 3594 liberti
1122 3545 1362 3594 meritum
1413 3546 1588 3608 potuit

522 3639 639 3674 esse
661 3624 714 3672 in
738 3624 1027 3684 Claudium,
1047 3623 1213 3672 autin
1228 3622 1409 3682 filium,
1433 3637 1586 3686 quam

505 3701 567 3749 -si
609 3702 720 3763 ipse
760 3700 1068 3747 vindicasset
1123 3698 1394 3761 imperium
1455 3699 1587 3761 proli

522 3775 705 3839 ipsius,
754 3773 1056 3822 Britannico
1111 3788 1318 3837 nempe,
1372 3775 1588 3823 excluso

523 3854 749 3903 ascititio
794 3855 1026 3915 Nerone,
1070 3864 1128 3903 et
1169 3853 1452 3903 exturbata
1499 3867 1589 3902 no-

523 3942 685 3978 verca
705 3931 725 3977 ?

507 4030 526 4043 -
588 4004 606 4038 ¹
637 4005 833 4053 Nullum
849 4005 1057 4068 principi
1086 4004 1330 4068 iamenu]
1384 4005 1447 4055 Id
1471 4012 1589 4066 est3
1654 4032 1659 4035 -

525 4084 721 4132 nuilum
742 4094 890 4131 sunm
912 4082 1147 4131 meritum
1180 4095 1293 4131 esse
1327 4083 1381 4131 in
1404 4083 1593 4145 priuci-

509 4170 669 4222 vem,
686 4158 1045 4207 Britannicum
1062 4171 1267 4221 nempe,
1297 4157 1408 4206 sive
1440 4158 1595 4206 Clau·

1645 1518 1740 1566 pro
1761 1502 1901 1551 virili
1925 1508 2094 1565 parte.
2125 1503 2249 1550 Tac.
2291 1500 2306 1528 ‘
2327 1499 2415 1549 Ita
2435 1498 2502 1548 de
2526 1512 2583 1549 se
2607 1512 2710 1547 me·

1644 1578 1802 1626 ritum
1844 1578 2122 1639 Caesarem,
2145 1581 2204 1624 nt
2235 1575 2398 1625 vitam
2435 1572 2552 1623 usui
2596 1573 2712 1636 ejus

1647 1652 2006 1715 impenderet.’
2070 1650 2156 1699 Ita
2178 1656 2252 1712 ut,
2286 1650 2445 1699 etiam
2478 1649 2520 1698 si
2544 1647 2714 1697 occidi

1649 1729 1890 1789 deberet,
1949 1727 2149 1789 prolem
2196 1726 2307 1789 ejus
2348 1726 2402 1773 in
2445 1724 2573 1773 solio
2617 1739 2709 1788 pa-

1651 1812 1799 1854 terno
1837 1809 2069 1853 statuere
2108 1803 2286 1851 vellet.
2373 1801 2497 1864 Ipse
2533 1801 2608 1849 sic
2642 1799 2710 1849 ad

1652 1879 2008 1930 Britannicum
2040 1876 2207 1928 infra:
2241 1878 2256 1905 ‘
2277 1877 2451 1926 Patris
2475 1876 2711 1926 inimicos

1646 1957 1957 2020 depelleret,
1994 1954 2173 2004 matris
2215 1957 2373 2005 etlam
2411 1951 2717 2004 interfecto·

1652 2046 1734 2080 res
1777 2029 2148 2081 ulcisceretur.'
2235 2031 2407 2079 Etiam
2453 2029 2499 2078 si
2543 2030 2713 2092 ipsum

1652 2106 1946 2157 interficere
1984 2106 2205 2169 deberet
2247 2104 2603 2165 Britannicae,
2642 2111 2717 2153 ta-

1642 2198 1771 2232 -men
1794 2184 1928 2232 velle
1950 2182 2094 2231 illum
2120 2180 2278 2244 potiri
2296 2181 2528 2245 imperio,
2545 2181 2716 2244 ejecto

1651 2260 1865 2309 Nerone
1887 2264 2152 2306 extraneo.
2690 2273 2695 2278 ·

1720 2336 1914 2384 Nullum
1962 2332 2197 2395 principi]
2259 2331 2321 2379 Id
2369 2337 2465 2393 est,
2519 2332 2718 2381 nulium

1653 2425 1800 2461 sunm
1822 2409 1988 2459 adhuc
2013 2408 2064 2456 in
2085 2406 2443 2456 Britannicum
2473 2407 2713 2456 meritum

1646 2486 1829 2547 fnisse,
1863 2490 1916 2535 et
1939 2483 1982 2533 si
2005 2484 2100 2546 vis,
2136 2498 2233 2533 nec
2273 2482 2325 2530 in
2362 2482 2531 2546 ipsum
2567 2484 2716 2533 Clau-

1653 2563 1831 2622 dium3
1864 2562 1965 2610 hoc
2009 2566 2269 2625 respectu,
2307 2566 2369 2608 ut
2409 2560 2717 2610 succederet

1653 2638 2001 2688 Britannicus.
2068 2638 2206 2686 Nam
2245 2651 2341 2698 par
2378 2637 2512 2685 ratio
2552 2641 2632 2685 est
2666 2635 2719 2684 in

1654 2715 1752 2762 boc
1771 2727 1895 2762 casu
1914 2713 1978 2761 de
2000 2711 2107 2760 filio
2130 2719 2185 2761 et
2208 2719 2374 2774 patre.

1721 2788 1991 2849 Attamen,
2039 2788 2268 2851 quamvis
2312 2788 2537 2836 noudum
2580 2788 2716 2838 bene

1648 2869 1872 2918 meritus
1917 2874 2057 2915 esset
2106 2866 2171 2915 de
2213 2865 2535 2927 Britannico,
2580 2866 2718 2913 nunc

1655 2951 1807 2994 certe
1828 2941 2007 2994 offerri
2031 2942 2126 2991 sibi
2156 2939 2480 2990 occasionem
2518 2941 2722 3002 amplis·

1652 3023 1834 3072 simam
1860 3022 1995 3071 bene
2016 3018 2266 3067 merendi.
2330 3018 2484 3077 Nam,
2514 3031 2721 3065 noverca

1657 3098 1844 3146 insidiis
1874 3098 2062 3144 domum
2100 3107 2282 3142 omnem
2324 3091 2724 3155 principis-con-

1656 3177 1782 3239 velli,
1817 3171 2223 3235 mqy'oreflagitio,
2258 3185 2409 3233 quam
2434 3176 2556 3218 ante
2579 3170 2721 3225 Mes-

1662 3251 1878 3309 sallinae,
1899 3253 1954 3296 et
1975 3261 2041 3295 ne
2061 3246 2405 3308 impudicitiam
2436 3245 2622 3308 quidem
2644 3244 2725 3292 ab·

1665 3339 1793 3382 esne,-
1827 3323 1950 3371 data
1996 3321 2091 3370 hac
2138 3321 2430 3380 occasione,
2470 3332 2624 3382 posse
2668 3333 2725 3368 se

1658 3401 1848 3464 Juvare
1869 3395 2226 3446 Britannicum
2252 3401 2306 3443 et
2346 3393 2481 3442 bene
2520 3395 2726 3454 mereri,

1649 3475 1709 3522 -si
1731 3485 2004 3521 novercam
2028 3471 2275 3533 ejecisset
2299 3469 2471 3530 domo,
2492 3482 2613 3516 cnm
2632 3480 2723 3518 suo

1669 3551 1898 3600 Nerone.

1731 3627 1802 3674 Et
1824 3629 1969 3672 certe
1994 3627 2102 3671 tum
2142 3621 2196 3670 id
2239 3620 2552 3670 moliebatur
2589 3620 2725 3670 Nar-

1667 3700 1851 3760 cissus,
1885 3705 1946 3747 ut
1967 3703 2023 3747 et
2046 3695 2293 3746 Claudius
2315 3695 2446 3757 ipse,
2483 3695 2567 3758 qui
2591 3693 2727 3745 redi-

1665 3774 1861 3825 bat-ad
1889 3786 2115 3823 amorem
2149 3768 2461 3831 Britannici,
2492 3776 2548 3818 et
2585 3769 2730 3818 illum

1668 3850 1767 3900 sibi
1790 3862 2136 3899 successorem
2158 3846 2466 3910 exoptabat,
2486 3846 2730 3895 abdicato

1668 3927 1901 3985 Nerone,
1921 3931 1979 3973 ut
2000 3923 2248 3973 ascititio.
2730 3921 2736 3927 '

1737 4000 1958 4063 Nullum]
1993 3998 2235 4049 Nondum
2256 4012 2311 4045 se
2335 3996 2467 4045 bene
2488 3997 2730 4048 meritum

1652 4090 1787 4126 -esse
1809 4076 1876 4125 de
1914 4074 2233 4135 Britannico,
2262 4076 2346 4121 aad
2377 4082 2585 4123 noverca
2617 4073 2733 4122 insi-

1642 4191 1647 4195 .
1670 4151 1767 4201 diis
1784 4153 1971 4200 domum
1992 4163 2174 4199 omnen
2192 4149 2401 4210 convelli,
2440 4148 2524 4197 cui
2544 4149 2736 4199 reiml-

513 4233 700 4298 ›dium3
749 4248 870 4284 nam
906 4233 1044 4289 idem
1066 4238 1150 4285 est
1184 4233 1286 4284 boc
1323 4233 1472 4286 leem
1518 4232 1596 4283 Ac
1673 4229 1982 4281 vertendum
2015 4227 2272 4291 sibi-esse,
2301 4232 2528 4291 cupam
2561 4227 2734 4281 em
