3100 4925
2485 388 2658 458 1235

452 550 586 614 nisi
606 555 801 615 atrox
821 554 889 612 et
914 549 1518 631 propugnatoribus
1542 549 1880 632 frequens,
1898 550 2212 615 terrebat.
2302 534 2654 635 Seim'sses

452 651 757 735 praelium
801 662 1103 734 poscere,
1147 655 1168 683 ‘
1191 656 1427 715 cuncta
1454 651 1695 715 virtute
1740 649 2254 734 expugnabilia,’
2291 651 2651 725 clamitare.

453 753 936 836 Praefectique¹
964 770 1047 817 ac
1075 751 1357 815 Tribuni
1407 752 1611 835 paria-
1648 752 2069 831 disserentem
2107 753 2406 818 ardorem
2463 770 2655 819 exer-
2694 764 2707 777 ⁸

455 854 626 919 citus
650 853 1135 920 incendebant.¹
1210 854 1386 919 Tum
1417 853 1746 932 OstoriuS,
1778 856 2297 939 circumspectiS,
2339 874 2495 939 quae
2523 855 2655 920 im,-

453 956 904 1039 penetrabilia,
963 976 1246 1041 quaeque
1300 959 1559 1040 pervia,
1619 957 1809 1022 ducit
1865 957 2183 1035 infensoS,
2261 974 2655 1040 amnemque

450 1055 626 1121 haud
653 1056 997 1121 difficulter
1024 1057 1270 1122 evadit.
1361 1056 1498 1122 Ubi
1520 1064 1787 1124 ventum
1813 1059 1902 1122 ad
1931 1066 2286 1143 aggeremss
2304 1058 2462 1123 dum
2489 1061 2651 1123 mis-

450 1157 685 1222 silibus
712 1160 1102 1236 certabatur,
1126 1159 1279 1242 plus
1307 1161 1649 1224 vulnerum
1675 1161 1745 1223 in
1772 1179 1919 1239 noS,
1961 1168 2028 1226 et
2059 1161 2393 1245 pleraeque
2420 1159 2645 1224 caedes

450 1259 836 1324 oriebantur.
925 1260 1402 1343 Posteaquam,
1440 1260 1659 1325 facta²
1688 1261 2054 1339 testudine,⁸
2094 1261 2291 1326 rudes
2332 1267 2399 1325 et
2445 1259 2649 1324 infor·

448 1378 591 1424 mes
636 1380 951 1424 saxorum
999 1381 1352 1445 compages
1389 1362 1754 1440 distractae,
1803 1382 2056 1446 parque
2088 1363 2384 1427 cominus
2414 1362 2645 1444 acies3

451 409 725 474 Len}
1161 403 1576 454 imitamur!
1628 404 1777 454 mu.
1825 405 1968 453 xn.

443 1537 625 1587 mribus
640 1540 828 1589 densum
843 1540 1230 1607 horridumque,
1244 1548 1418 1593 mettun
1437 1541 1686 1604 inferebat.
1751 1542 1847 1592 Sed
1866 1542 2000 1593 miles
2017 1541 2155 1591 Rom.
2172 1558 2383 1606 pugnam
2393 1541 2648 1605 flagitare,

448 1604 621 1652 omnia
639 1604 832 1654 virtute
870 1606 986 1670 capi
1024 1620 1195 1670 posse,
1226 1608 1489 1667 clamabat,·
1518 1607 1824 1671 praefectique
1845 1623 1902 1656 ae
1922 1607 2101 1659 tribuni
2131 1608 2305 1656 similia
2339 1606 2649 1669 proferentes,

445 1667 742 1717 alacritatem
761 1672 997 1719 exereitus
1013 1671 1292 1720 intentabant.
1350 1671 1469 1720 Tum
1495 1674 1730 1736 Ostorius,
1764 1672 1982 1735 proevisis
2002 1672 2063 1721 iis
2098 1687 2204 1734 «ιω
2231 1671 2480 1734 impervia,
2518 1686 2649 1733 qno-

447 1745 534 1793 que
558 1733 868 1793 penetrabilia
905 1742 1073 1797 erant,
1106 1736 1239 1786 ducit
1273 1737 1439 1798 iratos,
1465 1737 1762 1800 fluviumque
1797 1752 1891 1785 non
1925 1751 2055 1798 ogre
2086 1735 2322 1799 pervadit.
2389 1737 2648 1798 Podqnans

446 1800 633 1845 ventum
653 1803 735 1847 est
755 1800 820 1848 ad
840 1800 1030 1860 nouam,
1052 1802 1163 1850 dnn·
1183 1802 1291 1849 telis
1307 1801 1628 1863 pugnabatur,
1667 1803 1805 1863 plura
1834 1803 2027 1851 vulnera
2057 1800 2113 1850 in
2132 1815 2237 1862 nos,
2263 1805 2312 1848 et
2332 1800 2496 1848 unaue

445 1860 764 1922 sequebantur.
829 1861 924 1912 Sed
943 1864 1040 1925 ubi,
1059 1864 1200 1924 faeta
1221 1867 1473 1923 testudine,
1496 1867 1636 1915 rudes
1650 1869 1711 1913 ”et
1741 1864 1990 1914 inconditoe
2010 1864 2217 1926 lapidum
2237 1877 2483 1927 compages
2504 1864 2649 1913 dim·

447 1924 560 1972 lutae
582 1934 719 1989 sunt,
736 1942 917 1990 parque
934 1942 994 1977 ex
1008 1929 1270 1993 propinquo
1285 1931 1506 1992 proelium
1524 1928 1666 1988 fuit3
1695 1927 1953 1979 abscessere
1973 1927 2184 1979 Barbari
2216 1928 2269 1977 in
2287 1926 2501 1989 fastigia
2519 1941 2648 1999 mon7

2514 1812 2649 1848 mel

1372 2053 1732 2076 OOOOOOOOOO

511 2137 538 2182 1
572 2134 797 2184 Brotier.
826 2137 1147 2187 intendebant.
1214 2139 1349 2189 Nam
1372 2140 1532 2190 verbo
1555 2138 1798 2189 intendere
1816 2152 1957 2202 saepe
1989 2137 2155 2188 utitur
2183 2136 2407 2186 Tacitus.
2471 2134 2646 2198 Igitur
2665 2161 2677 2171 -

445 2197 702 2248 immerito
723 2201 806 2250 bic
828 2201 1158 2250 emendatum
1179 2203 1502 2253 incendebant.
1560 2204 1779 2255 Veteres
1804 2204 2056 2253 editiones
2079 2208 2133 2249 et
2166 2202 2289 2250 Mss.
2326 2201 2458 2263 Reg.
2489 2200 2643 2248 Harl.

443 2261 600 2313 Bodl.
619 2264 732 2314 Jes.
756 2264 934 2316 Guelf.
971 2281 1149 2316 omnes
1183 2268 1379 2319 babent
1411 2268 1745 2327 ivttendebantg
1776 2268 1913 2333 quod
1952 2273 2010 2316 et
2043 2267 2114 2328 N.
2138 2265 2353 2314 Heinsio
2384 2263 2644 2328 placebat.

445 2325 660 2377 Brotier.
726 2328 802 2378 At
837 2330 1063 2393 Ryckius
1094 2346 1210 2381 cum
1245 2333 1509 2382 Gronovio
1539 2333 1670 2395 legit
1706 2330 2029 2381 incendebant.
2094 2330 2341 2379 Nicolaus
2366 2327 2643 2382 Heinsius:

443 2390 765 2444 intendebant.-
798 2402 855 2443 ut
888 2393 959 2443 H.
994 2408 1055 2445 11.
1081 2400 1161 2445 54.
1213 2396 1229 2423 ‘
1255 2395 1571 2446 Intendebat
1605 2394 1964 2445 formidinem!
2032 2393 2302 2445 Quomodo
2321 2391 2428 2441 vidi
2460 2398 2643 2457 postea

443 2454 635 2507 habere
661 2457 914 2522 Ms.Reg.
968 2457 1297 2525 stychia—2
1334 2461 1568 2511 Amicus:
1605 2467 1731 2512 aeta.
1798 2459 1965 2511 Idem.
2034 2495 2047 2510 .

1436 2573 1657 2623 NOTAE

442 2664 583 2712 launi
602 2663 804 2728 abesse,
821 2668 979 2731 sylvis
1001 2668 1378 2734 paludibusque
1396 2684 1506 2718 mn-

442 2741 629 2802 niturn,
673 2757 776 2808 quo
810 2744 935 2793 satis
969 2759 1184 2807 maguus
1240 2744 1503 2793 hominum

442 2817 749 2881 pecorisque
778 2832 1017 2869 numerus
1051 2821 1374 2871 convenerit:
1411 2831 1503 2883 op·

440 2893 619 2955 pidum
659 2900 833 2943 autem
877 2896 1118 2962 liritnnui
1139 2902 1346 2959 vocant,
1386 2910 1501 2945 cum

440 2969 613 3031 sylvas
663 2969 938 3032 impeditas
987 2970 1122 3020 vallo
1163 2978 1320 3037 atque
1363 2970 1502 3021 fossa

442 3045 754 3109 munierunt,
791 3060 892 3110 quo
936 3046 1237 3096 incursionis
1275 3047 1500 3098 bostium

440 3121 667 3171 vitandae
709 3135 865 3170 causa
907 3123 1184 3172 convenire
1224 3137 1500 3173 consueve-

444 3196 602 3246 runt?

501 3278 531 3305 ⁸
566 3272 897 3337 Proeseetiqne]
931 3272 1186 3336 intelligit
1206 3273 1343 3324 clar.
1368 3273 1502 3323 Har-

436 3348 566 3399 loeus
595 3348 845 3412 praefectos
865 3355 1139 3399 castrorum.
1206 3349 1406 3414 Potius,
1442 3358 1501 3399 ut

443 3433 588 3490 puto,
620 3434 739 3475 sunt
756 3426 975 3490 proefeeti
998 3427 1337 3476 auxiliarium.
1404 3426 1501 3477 At-

442 3509 614 3554 tamen
631 3519 716 3552 eos
739 3504 993 3567 praeponit
1005 3503 1263 3563 Tribunis,
1281 3509 1338 3550 ut
1358 3509 1500 3553 certe

441 3579 604 3644 gradu
620 3588 674 3628 et
686 3580 942 3643 dignitate
957 3568 1247 3644 superiores
1258 3579 1499 3629 Tribunis

439 3661 585 3705 erant
601 3654 821 3719 prcefecti
842 3660 1118 3704 castrorum.

504 3731 662 3781 Forte
685 3745 1029 3796 quoscumque
1045 3732 1330 3795 prepositos
1352 3732 1500 3782 intel-

438 3806 574 3872 ligit,
596 3814 654 3861 ut
675 3808 878 3856 nomine
898 3807 1225 3870 praefectorum
1242 3810 1500 3871 intelligat

439 3890 498 3934 et
524 3884 663 3948 ipsos
682 3887 862 3947 legatos
882 3885 1157 3948 legionum.
1224 3886 1340 3935 Nec
1363 3884 1499 3936 forte

441 3959 591 4009 simul
635 3960 809 4023 plures
841 3960 1061 4024 praefecti
1094 3966 1352 4011 castrorum
1383 3977 1500 4012 cum

437 4035 652 4099 imperio
674 4036 727 4085 in
750 4035 932 4086 eodem
953 4037 1206 4098 exercitu,
1240 4037 1339 4086 nisi
1363 4050 1498 4087 seor·

439 4110 534 4159 sim
556 4118 721 4160 castra
741 4118 1060 4161 metarentur
1081 4113 1326 4175 legiones.

504 4185 577 4236 Et
605 4187 661 4235 in
694 4187 923 4251 qualibet
958 4187 1311 4251 expeditione,
1346 4190 1494 4239 nnius

437 4262 680 4328 praefecti
718 4269 1005 4314 castrorum
1043 4269 1245 4314 tantum
1282 4264 1496 4316 mentio-

1583 2684 1700 2719 nem
1735 2669 1850 2719 fieri
1871 2670 2078 2720 videas:
2114 2682 2216 2733 quo
2238 2668 2472 2728 absente,
2508 2665 2641 2714 forte

1585 2746 1792 2796 alterius
1811 2746 2029 2809 legionis
2045 2743 2327 2809 praefectus
2358 2751 2640 2792 castrorum

1584 2829 1676 2870 aut
1707 2821 1920 2870 Tribuni
1954 2820 2119 2869 vicem
2161 2820 2299 2867 illius
2343 2816 2535 2874 obiere,
2582 2820 2641 2863 ut

1582 2897 1725 2947 olim.

1645 2979 1670 3016 5
1686 2973 1767 3024 Ad
1778 2972 2020 3036 aggerant]
2054 2969 2422 3020 Britannorum
2435 2980 2641 3029 nempe,

1583 3049 1650 3099 de
1678 3065 1779 3116 quo
1802 3063 1986 3112 aggere
2029 3062 2185 3111 supra
2217 3062 2264 3097 c.
2288 3048 2370 3095 83.
2402 3045 2419 3072 ‘
2442 3043 2505 3092 In
2537 3055 2642 3090 ruo·

1584 3125 1705 3175 dnm
1724 3126 1842 3175 vani
1866 3140 1991 3174 saxa
2016 3123 2299 3188 praestruit‚
2323 3127 2379 3170 et
2401 3116 2640 3183 praeflue-

1497 3207 1510 3216 “
1582 3204 1674 3252 bat
1695 3201 1891 3251 amuis?
1956 3202 2026 3249 Et
2055 3200 2205 3263 paulo
2229 3203 2374 3246 ante:
2390 3193 2424 3224 ‘⁸
2449 3194 2638 3258 Objec-

1584 3285 1664 3327 tus
1686 3277 1865 3337 amnis,
1886 3275 2114 3324 additum
2139 3270 2363 3322 vallum!
2392 3271 2514 3322 Jsm
2535 3283 2639 3318 arn·

1537 3359 1540 3364 '
1581 3368 1719 3414 nem,
1750 3353 1837 3416 qui
1859 3354 1992 3400 vallo
2011 3348 2338 3416 praefluebat,
2365 3349 2639 3397 evaserant

1580 3428 1819 3487 Romani,
1843 3433 1899 3476 et
1919 3432 2168 3475 venerant
2189 3426 2255 3473 ad
2270 3436 2508 3484 aggerem.

1645 3511 1666 3536 ²
1700 3504 1853 3554 Foeta
1886 3502 2139 3566 testudine]
2171 3501 2270 3549 Vel
2316 3505 2377 3547 ut
2409 3492 2639 3560 protecti

1580 3580 1778 3645 clypeis
1817 3580 2053 3640 invicem,
2091 3577 2336 3625 adversus
2359 3572 2464 3622 tela
2482 3568 2643 3619 hosti·

1578 3672 1684 3719 um,
1718 3670 1887 3704 muros
1921 3654 2248 3711 subruerent,
2267 3650 2351 3698 vel
2386 3647 2542 3697 etiam
2577 3651 2638 3694 ut

1581 3746 1639 3781 se
1662 3731 1923 3795 erigerent
1946 3730 2010 3779 ad
2033 3728 2165 3778 muri
2185 3725 2531 3776 altitudinem.

1645 3810 1799 3858 Facta
1819 3805 2071 3870 testudine]
2106 3807 2187 3855 De
2222 3818 2323 3869 qua
2357 3801 2429 3850 sic
2460 3797 2637 3856 Livius

1580 3888 1616 3939 l.
1639 3901 1793 3938 κων.
1827 3887 1844 3915 ‘
1867 3888 1996 3936 Cum
2022 3884 2145 3934 alios
2169 3881 2417 3932 decursus
2451 3875 2639 3925 edidis·

1581 3968 1697 4013 sent
1728 3969 1916 4024 motus,
1951 3959 2203 4025 quadrato
2243 3955 2442 4020 agmine
2475 3950 2637 4012 facto,

1579 4039 1738 4088 scutis
1755 4052 1909 4102 super
1922 4036 2099 4099 capita
2115 4032 2363 4092 densatis,
2379 4025 2635 4078 stantibus

1577 4115 1774 4178 primis,
1808 4112 2043 4163 secundis
2066 4106 2501 4165 submissioribus,
2531 4108 2637 4152 ter·

1581 4190 1665 4240 tiis
1687 4191 1850 4254 magis
1871 4195 1929 4238 et
1949 4189 2164 4253 quartis,
2181 4182 2453 4250 postremis
2473 4179 2634 4231 etism

1577 4277 1713 4332 genu
1755 4264 1908 4329 nixis,
1940 4261 2273 4326 fastigiatum,
2313 4260 2446 4309 sicut
2487 4259 2632 4305 tecta
