3100 4925
450 336 628 424 1262

1145 354 1211 403 G.
1256 351 1458 408 com-1
1469 351 1627 405 Emi
1675 349 1934 398 TACI'H

2338 347 2431 416 [Α.
2450 350 2521 402 ιτ.
2540 350 2665 401 sos.

1459 539 1676 592 No'rAE

459 683 663 735 debuit.

523 758 849 808 Renovatum
870 757 1022 809 etiam
1043 759 1408 822 proconsulare
1429 758 1521 807 im·

456 835 657 900 perium
680 836 730 884 in
755 835 869 885 filiis
894 835 1208 900 principum,
1231 836 1282 884 in
1307 835 1524 884 Caesari-

456 913 570 973 bus,
591 919 650 960 ut
674 912 724 959 in
750 911 1078 972 Germanico,
1118 917 1175 960 et
1209 911 1345 959 haud
1368 909 1523 959 dubie

458 993 582 1037 ante
606 987 657 1035 in
676 987 888 1036 Tiberio
912 988 1044 1050 ipso,
1060 986 1198 1049 quod
1222 985 1434 1048 colliges
1456 999 1525 1034 ex

358 1090 371 1101 ·
458 1064 582 1113 Tac.
607 1063 639 1111 l.
659 1076 697 1112 1.
714 1064 729 1089 ‘
757 1062 1067 1111 Germanico
1091 1061 1288 1111 Caesari
1312 1074 1528 1124 procon-

460 1140 630 1190 sulare
717 1138 987 1201 imperium
1072 1137 1282 1201 petivit,
1354 1136 1527 1200 (Tibe-

461 1211 613 1279 rius,)
637 1212 884 1278 missique
914 1213 1073 1277 legati
1097 1213 1184 1278 qui
1220 1211 1528 1286 deferrent,’

465 1293 571 1340 ὅτε.

527 1365 682 1416 Unde
734 1362 931 1415 inferre
984 1365 1163 1423 liceat,
1212 1363 1526 1415 Germanico

462 1449 575 1492 tum
609 1446 915 1490 renovatum
959 1441 1330 1504 proconsulare
1368 1440 1528 1504 impe-

463 1518 612 1579 rium,
656 1516 793 1581 quod
831 1528 1019 1578 nempe
1038 1517 1147 1579 jam
1169 1521 1290 1565 ante
1313 1515 1530 1566 haberet

465 1591 558 1642 sub
584 1590 837 1656 Augusto.

530 1668 707 1718 Possit
730 1674 905 1717 tamen
942 1667 1192 1732 dubitari,
1224 1684 1290 1717 an
1314 1668 1530 1718 Germa-

463 1742 611 1793 nicus
649 1749 771 1793 ante
793 1744 1034 1793 babuerit
1074 1745 1180 1793 tale
1225 1745 1529 1809 imperium:

467 1835 563 1872 cur
597 1821 735 1869 enim
773 1826 982 1885 peteret
1013 1821 1246 1870 Tiberius
1285 1836 1316 1869 a
1349 1827 1531 1870 senatu

467 1903 783 1960 potestatem
847 1898 980 1945 hanc
1055 1911 1153 1959 pro
1209 1896 1532 1956 Germanico,

469 1973 748 2037 quamjam
768 1972 883 2034 ipse
902 1971 1154 2020 haberet?
1190 1976 1280 2019 aut
1318 1970 1362 2018 si
1394 1968 1532 2019 forte

467 2049 649 2098 habuit
698 2049 805 2097 tale
872 2047 1161 2111 imperinm,
1213 2047 1530 2096 ordinarium

468 2129 671 2174 tantum
695 2123 811 2172 fuit.

535 2199 612 2249 At
645 2200 743 2248 boc
765 2199 897 2265 ‚loco
940 2196 1137 2259 Taciti,
1182 2197 1535 2248 extraordina-

471 2273 605 2323 rium
628 2273 785 2324 decus
822 2273 989 2337 petit3
1024 2272 1277 2337 siquidem
1321 2278 1535 2337 paratus

472 2354 608 2412 erat,
640 2355 698 2399 et
733 2348 872 2399 idem
895 2348 1054 2398 decus
1093 2348 1291 2398 ambire
1312 2347 1420 2398 filio
1444 2364 1535 2398 suo

472 2425 668 2488 Druso,
691 2432 751 2476 ut
769 2424 902 2475 filios
925 2423 1102 2473 ambos
1127 2429 1429 2489 cxaequaret
1450 2423 1539 2473 ho-

474 2501 708 2552 noribuS.

539 2578 612 2626 Et
648 2582 757 2625 tum
791 2575 1012 2624 maxime
1045 2574 1304 2623 demereri
1340 2590 1536 2625 summo

476 2653 647 2716 aliquo
687 2649 942 2702 beneficio
966 2650 1334 2699 Germanicum
1358 2651 1540 2714 voluit,

476 2734 660 2792 utpote
699 2742 850 2793 quem
889 2732 1164 2789 metueret,
1200 2727 1348 2775 velut
1376 2726 1538 2790 impe-

476 2805 541 2854 rii
579 2806 834 2866 aemulum,
877 2802 1099 2853 nondum
1137 2816 1346 2851 securus
1381 2802 1539 2865 legio-

476 2896 600 2931 num
624 2881 1046 2931 Germanicarum
1065 2884 1122 2927 et
1138 2874 1361 2942 imperii.

542 2956 792 3006 Attamen
813 2954 1091 3004 verisimile
1135 2958 1233 3015 est,
1264 2953 1379 3016 jam
1416 2958 1539 3002 ante
1560 2974 1572 2990 ·

479 3030 574 3081 sub
618 3028 854 3094 Augusto
897 3028 1260 3079 Germanicum
1304 3028 1541 3079 habuisse

478 3104 894 3171 proconsulatum
943 3101 1428 3165 extraordinarium,
1483 3112 1543 3153 ut

481 3180 568 3244 qui
590 3179 792 3244 utrique
817 3177 1111 3229 Germaniae
1152 3184 1205 3227 et
1245 3178 1445 3228 duobus
1467 3179 1541 3228 ibi

480 3254 796 3304 exercitibus
818 3260 873 3303 et
894 3256 1063 3317 sociis,
1086 3255 1175 3320 qui
1200 3255 1311 3319 pari
1328 3271 1542 3308 numero

482 3345 543 3381 ac
566 3330 773 3395 robore,
796 3332 1122 3395 praesideret.

544 3408 616 3457 Et
638 3421 742 3472 qua
762 3408 1096 3472 auctoritate,
1117 3423 1219 3473 quo
1252 3408 1376 3472 jure
1408 3409 1541 3459 Ger-

478 3483 709 3532 manicus
745 3497 926 3532 census
958 3490 1136 3547 ageret
1164 3486 1301 3547 apud
1325 3486 1541 3550 Gallias,

483 3560 621 3623 quod
660 3559 846 3609 fecisse
882 3565 1031 3623 patet
1052 3574 1117 3609 ex
1138 3562 1258 3609 Tac.
1295 3560 1391 3609 nisi
1427 3576 1542 3625 pro-

480 3635 761 3684 consularis
816 3634 952 3684 illius
1007 3641 1238 3698 potestas
1297 3637 1544 3687 extende-

481 3718 627 3761 retur
647 3712 785 3760 ultra
806 3710 933 3759 fines
959 3711 1225 3775 utriusque
1249 3711 1542 3763 Germaniae

482 3785 774 3835 Provinciae
820 3787 959 3834 suae?
1024 3786 1125 3835 Dio
1163 3787 1198 3835 1.
1241 3800 1355 3837 Lvr.
1383 3788 1451 3838 A.
1473 3789 1542 3840 U.

480 3865 598 3911 ¹764.
653 3860 933 3909 ‘Tiberius
978 3867 1048 3908 et·
1075 3862 1413 3913 Germanicus
1458 3866 1544 3915 cui

445 3935 452 3938 “
483 3935 845 3999 proconsulare
868 3935 1139 3997 imperium
1171 3944 1302 4002 erat,
1324 3939 1376 3986 in
1412 3939 1544 3989 Ger·

484 4010 709 4061 maniam
732 4010 1030 4074 irruperunt
1045 4011 1079 4071 ;'
1110 4018 1165 4061 et
1183 4015 1415 4076 quamvis
1437 4015 1544 4065 Dio

484 4099 586 4137 non
623 4086 872 4150 explicet,
907 4086 1227 4137 verisimilius
1266 4096 1347 4139 est
1386 4089 1543 4142 fuisse

485 4162 953 4213 extraordinarium
974 4163 1102 4211 illud
1127 4164 1418 4240 imperium.

1664 680 1767 729 Sed
1787 686 1934 743 puto,
1953 678 2081 729 illud
2101 677 2369 743 imperium
2386 693 2666 743 proconsu-

1602 757 1711 804 lare
1736 755 2032 806 Germanici
2052 756 2197 805 velut
2233 755 2555 818 abrogatum,
2576 755 2665 804 de-

1604 833 1745 881 siisse
1784 839 1950 887 morte
1991 832 2317 896 imperatoris
2341 830 2582 895 Augusti,
2611 836 2667 880 et

1604 908 1838 956 innovari
1883 908 2124 958 debuisse
2162 923 2295 958 novo
2333 908 2554 970 imperio
2575 907 2668 956 Ti·

1606 983 1758 1042 berii,
1779 998 1960 1033 recens
1981 984 2332 1047 principatum
2367 983 2545 1045 adepti
2582 982 2670 1032 Li·

1606 1061 1708 1109 viae
1732 1059 1979 1122 Augustae
2016 1059 2229 1120 artibus,
2266 1058 2406 1109 forte
2435 1058 2590 1107 etiam
2612 1063 2672 1107 et

1607 1134 1878 1185 veneficio.

1673 1212 1813 1261 Illud
1857 1211 2031 1275 itaque
2070 1210 2283 1260 innovat
2318 1207 2574 1272 Tiberius,
2610 1212 2672 1257 ut

1608 1301 1723 1336 eum
1746 1287 1820 1336 sic
1838 1287 2182 1348 demereatur,
2211 1291 2302 1334 aut
2319 1283 2575 1333 demereri
2607 1281 2675 1330 si-

1608 1364 1771 1412 mulet
1814 1362 1881 1411 ad
1916 1369 2138 1426 tempus,
2161 1361 2324 1411 donec
2349 1375 2467 1410 eum
2501 1375 2534 1409 a
2568 1359 2673 1408 suis

1607 1439 1896 1503 legionibus
1921 1438 2252 1489 abstraxerit.

1676 1516 1746 1564 Et
1768 1522 1913 1564 certe
1935 1516 2073 1564 inter
2094 1527 2287 1563 summa
2309 1508 2674 1561 arcanaTibe·

1608 1591 1767 1642 rianae
1792 1590 2152 1643 dominationis
2171 1587 2290 1649 fuit,
2314 1594 2370 1636 ut
2392 1585 2564 1635 omnia
2586 1584 2677 1633 be·-

1611 1665 1796 1717 neficia
1819 1680 1916 1730 per
1936 1665 2133 1728 priores
2150 1663 2410 1727 principes
2427 1673 2677 1711 concessa

1611 1745 1759 1794 irrita
1772 1743 1965 1806 forent,
1977 1741 2075 1791 uisi
2091 1741 2203 1804 ipse
2224 1738 2579 1789 confirmasset
2599 1744 2681 1785 at«

1614 1836 1715 1886 que
1733 1821 2048 1881 innovasset,
2071 1823 2208 1866 teste
2232 1817 2444 1865 Sueton.
2463 1814 2516 1862 in
2533 1813 2675 1862 Tito.

1614 1897 1679 1945 Id
1723 1911 1754 1944 a
1798 1897 1989 1944 Senatu
2035 1893 2224 1957 petivit
2256 1892 2517 1948 Tiberius,
2557 1889 2680 1954 quia.

1614 1978 1727 2021 tum
1748 1977 1891 2020 metu
1928 1970 2124 2032 anxius,
2159 1969 2329 2018 omnia
2363 1981 2458 2030 per
2487 1966 2677 2014 Patres

1613 2061 1768 2110 agere
1809 2046 1975 2094 videri
2008 2044 2242 2093 volebat:
2277 2043 2332 2090 id
2368 2057 2492 2105 ergo
2515 2039 2678 2105 legati

1613 2121 1857 2172 deferunt
1878 2135 1968 2171 seu
1990 2120 2296 2169 annuntiant
2316 2118 2646 2168 Germanico.

1677 2197 1865 2262 Itaque
1887 2197 2185 2245 innovatum
2203 2194 2566 2258 proconsulare
2584 2192 2679 2242 im-

1614 2273 1814 2338 perium
1836 2273 1891 2322 in
1914 2272 2040 2336 ipsis
2061 2270 2348 2321 Caesaribus
2371 2276 2427 2319 et
2447 2269 2566 2318 filiis
2588 2268 2680 2317 do·

1616 2349 1942 2411 minantium,
1979 2361 2139 2412 usque
2168 2346 2234 2395 ad
2271 2347 2550 2411 Neronem,
2590 2344 2680 2409 qui

1618 2430 1928 2488 perpetuum
1950 2423 2369 2486 proconsulatum
2390 2421 2571 2472 habuit
2591 2435 2680 2470 ex-

1619 2506 1702 2548 tra
1721 2499 1919 2548 urbem.
2718 2542 2723 2546 .

1684 2573 1878 2623 Postea
1888 2575 2002 2637 jam
2024 2574 2257 2624 innovari
2280 2575 2385 2624 tale
2406 2573 2682 2637 imperium
2722 2597 2726 2600 ·

1617 2650 1753 2699 haud
1784 2665 1914 2714 opus
1952 2649 2052 2700 fuit
2093 2652 2146 2700 in
2176 2650 2303 2714 ipsis
2338 2650 2456 2700 filiis
2490 2651 2685 2714 princi·

1620 2739 1765 2788 pum,
1789 2731 1848 2774 ut
1866 2726 1953 2789 qui
1975 2740 2088 2774 eam
2107 2730 2417 2790 potestatem
2440 2726 2552 2789 jam
2572 2725 2684 2775 adi-

1620 2800 1946 2864 piscerentur
1968 2807 2269 2865 perpetuam
2293 2807 2350 2851 et
2371 2802 2683 2851 illimitatam

1621 2878 1734 2926 loco
1758 2884 1850 2927 aut
1872 2884 2122 2942 tempore.

1684 2952 1837 3004 Quod
1864 2952 2022 3002 tradit
2045 2954 2369 3018 Capitolinus
2394 2955 2460 3004 de
2480 2954 2558 3004 M.
2576 2953 2687 3004 Au·
2763 3002 2767 3006 .

1619 3028 1747 3079 relio
1787 3028 1922 3079 Caes.
1961 3044 2079 3094 cap.
2103 3034 2184 3081 16.
2207 3031 2222 3059 ‘
2247 3030 2556 3080 Tribunicia
2591 3045 2682 3094 po-

1621 3108 1813 3153 testate
1856 3104 2073 3155 douatus
2114 3113 2213 3169 est,
2257 3114 2415 3172 atque
2465 3107 2684 3171 imperio
2720 3111 2721 3114 ’

1620 3187 1775 3229 extra
1793 3181 1973 3230 urbem
1998 3184 2379 3245 proconsulari.'

1685 3256 1802 3305 Nec
1820 3255 2022 3306 frustra
2044 3260 2189 3308 addit
2212 3270 2396 3310 auctor
2417 3262 2522 3324 ille,
2543 3266 2682 3311 extra

1619 3330 1800 3395 urbem,
1822 3338 1880 3380 ut
1902 3333 2012 3381 vult
2030 3332 2310 3384 Salmasius
2329 3335 2561 3385 hocloco
2582 3336 2685 3385 his·

1622 3406 1769 3457 toriae
1804 3408 2081 3471 Augustae:
2117 3409 2192 3458 illi
2227 3409 2421 3459 frustra
2449 3411 2685 3462 additum

1621 3484 1717 3533 hoc
1756 3484 1977 3548 videtur,
2013 3485 2132 3549 quia
2174 3485 2368 3535 nullum
2412 3487 2686 3551 imperium

1623 3561 1990 3624 proconsulare
2030 3560 2169 3611 intra
2205 3561 2406 3627 urbem,
2448 3568 2504 3612 et
2564 3563 2688 3628 qu-it

1622 3642 1792 3686 cessat
1811 3637 1974 3687 omnis
1993 3642 2228 3702 potestas
2244 3638 2579 3702 proconsulis,
2595 3639 2686 3704 qui
2724 3662 2728 3666 -

1621 3711 1805 3761 urbem
1828 3712 2119 3762 intraverit.

1689 3786 1938 3838 Attamen
1961 3803 2061 3837 non
2082 3786 2280 3838 frustra
2295 3787 2348 3837 id
2372 3787 2521 3840 addit
2534 3789 2686 3854 Capi-

1627 3861 1832 3924 tolinus,
1850 3869 1910 3912 ut
1933 3878 2104 3927 neque
2121 3862 2336 3912 Tacitus
2353 3863 2451 3916 hoc
2471 3865 2602 3927 loco,
2617 3865 2684 3916 de

1626 3938 1855 3988 Nerone.
1922 3939 2057 3987 Nam
2102 3940 2177 3989 sic
2222 3940 2558 4004 distinguitur
2598 3941 2687 3991 ille

1626 4014 2018 4076 proconsulatus
2061 4015 2138 4063 M.
2162 4013 2360 4064 Aurelii
2381 4016 2549 4068 adhuc
2573 4018 2687 4068 Cae'·

1627 4088 1774 4150 saris,
1791 4102 1822 4136 a
1844 4091 2214 4152 proconsulatu
2233 4092 2397 4155 ipsius
2423 4093 2689 4158 principis,

1628 4165 1717 4231 qui
1739 4165 2207 4217 extraordinarium
2245 4167 2374 4219 illud
2411 4169 2705 4235 imperium·
