3100 4925
476 386 664 466 1232·

1176 409 1249 467 ,00⁴
1293 406 1544 473 con-NE
1554 407 1657 455 1211
1684 407 1971 469 JI'ACITB,

2365 394 2458 479 [A.
2481 416 2547 466 U.
2570 419 2692 479 sos,

1468 627 1694 684 NOTAE

476 762 723 814 bronibus
746 756 799 813 id
834 769 983 826 patet
1009 762 1143 828 apud
1179 763 1541 815 Plutarchum.

475 843 612 890 Nam
656 840 950 890 dimicaturi
992 842 1121 892 data
1162 842 1248 890 die
1291 841 1540 890 adversus

473 917 720 978 Marium,
733 915 948 967 fuerunt
970 918 1122 981 primi
1139 917 1340 967 ordines
1362 917 1537 966 robus-

472 995 661 1043 tiorum
683 994 921 1055 militum,
959 994 1174 1058 implexi
1206 994 1426 1042 invicem
1449 1007 1534 1042 ca·

472 1071 629 1135 renis,
661 1084 728 1118 ne
764 1071 982 1134 primam
1022 1070 1186 1120 aciem
1223 1068 1380 1119 facile
1419 1084 1536 1133 per·

474 1154 741 1210 rumperet
771 1147 954 1208 bostis,
980 1152 1041 1205 ⁴et
1073 1152 1133 1195 ut
1161 1145 1324 1195 tutius
1347 1146 1434 1213 alii
1458 1145 1535 1194 di-

474 1222 746 1286 micarent,
761 1222 859 1275 hoc
877 1223 1021 1271 velut
1055 1220 1275 1275 umbone
1292 1235 1381 1270 seu
1404 1222 1533 1271 vallo

469 1299 717 1362 protecti·

477 1418 482 1423 ,
539 1377 611 1427 Et
653 1382 802 1426 erant
845 1374 984 1426 forte
1027 1373 1262 1441 quaedam
1302 1375 1536 1425 nationes

474 1453 872 1515 Germanorum,
894 1467 1007 1516 quae
1033 1452 1098 1501 ad
1132 1452 1182 1500 id
1208 1466 1389 1518 munus
1412 1452 1537 1500 belli

472 1528 737 1606 praecipue
772 1527 1055 1593 deputatae,
1097 1529 1234 1577 unde
1268 1528 1431 1592 gloria
1462 1528 1538 1582 iu-

453 1617 617 1667 gens,
651 1631 681 1647 ,.

535 1680 749 1730 Tacitus
778 1679 870 1731 lib.
894 1680 961 1731 de
985 1695 1112 1730 mor.
1137 1680 1315 1730 Germ.
1339 1685 1423 1730 31.
1448 1681 1549 1737 ιιὶιί,

465 1758 542 1808 de
562 1743 762 1808 Cattis:
796 1758 811 1786 ‘
829 1758 1052 1822 Jamque
1075 1764 1267 1807 canent
1290 1757 1536 1821 insignes,

468 1840 529 1883 et
562 1834 795 1885 hostibus
828 1835 977 1883 simul
1009 1834 1214 1898 suisque
1235 1834 1533 1883 monstrati:

473 1911 696 1961 omnium
733 1926 891 1975 penes
912 1912 1007 1960 hos
1030 1910 1179 1959 initia
1217 1922 1532 1973 pugnarum:

463 1990 583 2045 ⁴hirc
605 1989 773 2052 prima
799 2003 1004 2051 semper
1042 1988 1196 2048 acieS,
1218 1988 1327 2036 visu
1369 1987 1535 2036 nova!

475 2065 733 2129 'salesque
759 2064 1214 2113 bellatoreserant
1238 2062 1397 2112 etiam
1427 2063 1544 2112 cui-,

472 2142 602 2190 libet
623 2139 819 2189 nationi
843 2139 1195 2201 Germanicae,
1212 2139 1299 2185 sed
1326 2139 1535 2202 paucio-

473 2231 554 2265 res
578 2230 730 2282 quam
756 2215 893 2278 apud
921 2214 1117 2263 Cattos.

535 2293 667 2344 Tac.
690 2299 811 2341 ante
830 2291 955 2341 ibid.
975 2293 1005 2353 .‘
1026 2292 1095 2341 Et
1117 2290 1231 2340 aliis
1252 2289 1535 2340 Germano-

472 2385 584 2419 rum
608 2370 811 2436 populis
835 2373 1133 2432 usurpatum
1158 2382 1275 2416 rara
1292 2373 1347 2416 et
1371 2368 1536 2432 priva-

472 2456 525 2498 ta
548 2448 797 2512 cujusque
822 2445 1086 2505 audentia,
1119 2444 1256 2508 apud
1279 2445 1460 2494 Cattos
1479 2445 1532 2493 in

472 2537 775 2572 consensum
796 2521 971 2583 vertit,
997 2521 1191 2572 crinem
1215 2520 1533 2585 barbamque

472 2597 794 2659 submittere,
835 2611 930 2645 nec
954 2596 1051 2646 nisi
1084 2596 1232 2645 hoste
1258 2611 1392 2645 caeso
1410 2611 1531 2645 exu-

472 2691 559 2727 ere
578 2677 805 2727 votivum
827 2676 1212 2740 obligatumque
1226 2673 1406 2726 virtuti
1430 2674 1533 2725 oris

469 2753 752 2805 habitum!-

538 2827 661 2881 Huc
706 2832 863 2882 etiam
907 2831 1139 2896 pertinet
1185 2830 1321 2895 quod
1373 2828 1531 2880 habet

463 2908 600 2958 Tac.
637 2906 704 2957 de
745 2908 926 2957 Suevis
967 2907 1095 2956 ibid.
1136 2910 1215 2956 38.
1281 2909 1296 2935 6
1318 2906 1529 2970 Insigne

471 2984 656 3047 gentis,
672 2985 936 3048 obliquare
950 2984 1141 3034 crinem
1153 2984 1397 3048 *nodoque
1414 2985 1530 3034 sub-

468 3060 744 3123 stringere,
782 3064 880 3109 &c.
945 3061 1121 3123 Usque
1162 3058 1228 3108 ad
1266 3061 1530 3122 canitiem,

451 3136 765 3188 ‘horrentem
788 3135 1029 3199 capillum
1057 3142 1194 3184 retro
1230 3141 1530 3201 sequuntur,

470 3229 531 3262 ac
553 3227 693 3275 saepe
719 3214 769 3261 in
794 3214 908 3276 ipso
941 3213 1050 3261 solo
1071 3212 1270 3261 vertice
1289 3212 1529 3275 religant.

466 3288 742 3352 Principes
777 3294 836 3338 et
868 3288 1180 3337 ornatiorem
1199 3286 1420 3335 liabent:
1468 3301 1530 3337 ea

468 3379 592 3415 cura
610 3363 814 3425 formae,
831 3364 921 3413 sed
939 3364 1165 3412 innoxia.
1188 3364 1373 3428 Neque
1394 3363 1528 3411 enim

464 3449 525 3491 ut
548 3448 721 3491 ament
745 3447 1076 3501 amentnrve3
1128 3442 1177 3489 in
1204 3440 1529 3490 altitudinem

457 3519 744 3582 quandam,
780 3524 829 3567 et
858 3523 1128 3578 terrorem,
1149 3515 1339 3566 adituri
1377 3516 1533 3578 bella,

468 3590 645 3654 coniti,
686 3600 744 3643 ut
783 3593 1003 3642 hostium
1040 3593 1221 3653 oculis,
1242 3592 1528 3641 ornantur.'

468 3668 545 3718 Hi
567 3671 781 3734 majores
803 3678 859 3719 et
882 3669 1160 3720 ferociores
1188 3668 1324 3717 haud
1357 3668 1532 3733 dubie,

463 3760 497 3800 a
522 3744 706 3809 quibus
727 3746 1016 3808 incipiebat
1040 3760 1229 3809 pugna.

537 3823 829 3883 catervaque
846 3820 1096 3883 mqy’orum]
1130 3821 1269 3869 Puto
1284 3819 1407 3867 nihil
1424 3834 1528 3868 mu·

408 3951 415 3957 ,
466 3898 701 3960 tandum,
737 3898 832 3947 nisi
866 3897 1003 3946 forte
1043 3898 1186 3959 legas
1224 3895 1529 3952 constiterat,-

464 3975 697 4041 quaiuvis
718 3973 844 4025 ferri
867 3976 1021 4024 etiam
1044 3975 1205 4037 possit
1230 3971 1527 4022 recondite-

463 4058 594 4103 runt.
659 4053 745 4101 Sic
783 4052 919 4101 enim
943 4052 993 4099 in
1029 4048 1316 4099 nominibus
1341 4049 1526 4098 collec-

464 4130 585 4182 tivis
628 4135 907 4193 usurpatur
922 4131 950 4176 :'
992 4129 1064 4176 sic
1098 4124 1336 4190 majores,
1374 4125 1529 4175 auda·

464 4208 648 4269 ciores,
670 4205 1053 4268 ferocioresque
1073 4218 1165 4267 pro
1180 4203 1529 4268 munimentis,

459 4285 549 4335 ‘vel
575 4283 624 4333 in
649 4282 813 4349 primu
835 4282 947 4332 acie
970 4279 1309 4331 instruebant.

1683 760 1772 812 Sic
1802 762 2028 813 Thraces
2063 759 2207 825 apud
2236 759 2368 811 Tac.
2409 760 2444 809 l.
2481 772 2559 811 xv.
2599 764 2687 811 47.

1620 840 1637 868 6
1661 839 1819 889 Simul
1856 839 1905 888 in
1938 838 2301 900 ferocissimos,
2324 838 2409 902 qui
2433 845 2556 887 aute
2578 839 2687 888 val·

1618 916 1747 977 lum,
1779 919 1878 965 ὅτε.
1909 915 2285 983 persultabant,
2319 912 2485 963 mittit
2515 913 2687 964 delec-

1619 998 1700 1042 tos
1724 991 2144 1056 sagittariorum!
2671 1016 2675 1025 «

1680 1068 1768 1118 Sic
1802 1069 1957 1118 etiarn
1991 1070 2121 1118 LIV.
2149 1067 2292 1117 Hist.
2326 1068 2344 1096 ‘
2370 1066 2547 1117 Civilis
2581 1079 2686 1117 me·

1616 1143 1756 1192 dium
1780 1158 1964 1208 agmen
1982 1159 2106 1203 ,cum
2146 1143 2331 1194 robore
2370 1145 2684 1205 Batavorum

1614 1220 1872 1282 obtinens,
1894 1227 2163 1284 utramque
2186 1220 2352 1269 Rheni
2376 1219 2563 1282 ripam,
2582 1233 2686 1283 qno

1616 1299 1962 1348 truculentior
1986 1299 2099 1348 visu
2122 1296 2283 1360 foret,
2307 1298 2684 1358 Germanorum

1617 1373 1842 1423 catervis
1860 1373 2106 1437 complet,
2126 1374 2414 1422 assultante
2436 1387 2532 1436 per
2547 1387 2684 1423 carn*

1617 1463 1711 1513 pos
1735 1448 1946 1513 equite,’
1983 1453 2082 1499 ἃς.
2149 1448 2201 1496 Si
2236 1462 2340 1496 non
2373 1448 2538 1498 babeo
2572 1448 2686 1511 ipsa

1623 1525 1802 1574 eadem
1828 1525 2004 1586 verba,
2044 1532 2190 1574 certe
2227 1525 2392 1575 habeo
2416 1538 2594 1574 verum
2628 1531 2686 1575 et

1622 1602 1900 1666 genuinum
1923 1615 2125 1650 sensum
2147 1600 2332 1652 Taciti.

1687 1679 1759 1728 Et
1782 1679 1846 1727 cle
1867 1678 1990 1740 ipsis
2010 1677 2274 1726 Britannis
2288 1679 2416 1728 Tac.
2430 1677 2484 1726 in
2503 1677 2682 1743 Agric·

1621 1756 1702 1804 35.
1746 1758 1761 1784 6
1786 1755 2151 1803 Britannorum
2187 1754 2327 1802 acies
2361 1755 2412 1803 in
2453 1755 2683 1818 speciem

1617 1831 1768 1878 simul
1816 1845 1877 1880 ac
1919 1837 2170 1879 terrorem
2213 1829 2513 1879 editioribus
2555 1830 2684 1880 locis

1617 1899 1991 1959 constiterant:
2043 1908 2119 1956 ita
2152 1912 2211 1956 ut
2243 1907 2461 1970 primum
2496 1920 2683 1972 agmen

1618 2000 1784 2050 aequo,
1816 1986 1978 2035 ceteri
2011 1999 2103 2048 per
2126 1983 2325 2033 acclive
2351 1984 2536 2048 jugum
2560 1999 2689 2035 con·⁴

1617 2062 1755 2123 nexi,
1769 2062 1911 2110 velut
1928 2060 2302 2123 insurgerent3'
2329 2067 2387 2108 nt
2405 2061 2481 2110 sic
2497 2075 2682 2124 nempe

1614 2138 1829 2200 mqjores,
1860 2144 1916 2186 et
1941 2136 2341 2187 truculentiores
2362 2136 2684 2241 viderentur,

1614 2216 1690 2264 ita
1712 2217 1849 2265 acies
1873 2216 2122 2279 disposita
2142 2214 2258 2264 fuit.

1678 2291 1942 2356 qu'orum]
1997 2291 2118 2342 Huc
2160 2289 2293 2340 facit
2334 2289 2472 2356 quod
2521 2289 2681 2341 babet

1613 2369 1822 2419 Tacitus
1844 2369 1878 2417 l.
1898 2383 1975 2418 ιν.
1999 2367 2065 2416 de
2080 2366 2382 2428 Thracibus,
2402 2366 2486 2431 qui
2513 2366 2681 2431 quoad

1614 2447 1852 2497 militiam
1879 2444 1994 2496 fere
2019 2444 2207 2495 similes
2231 2443 2529 2493 Germanis:
2566 2444 2582 2471 ‘
2603 2443 2682 2493 Si:

1615 2523 1721 2571 mul
1746 2520 1796 2570 in
1825 2520 2190 2580 ferocissimos,
2224 2520 2310 2584 qui
2348 2527 2468 2568 ante
2488 2519 2679 2567 vallum

1615 2612 1758 2647 more
1783 2598 1973 2661 gentis,
2006 2612 2122 2646 cum
2158 2596 2474 2658 carminibus
2509 2601 2565 2645 et
2590 2596 2680 2645 tri·

1614 2674 1785 2738 pudiis
1830 2673 2207 2737 persultabant,
2241 2672 2404 2722 mittit
2444 2672 2680 2723 delectos

1509 2779 1514 2782 -
1606 2749 2487 2813 sagittarioruni‚’Sabinusuempe.
2524 2748 2678 2799 More

1608 2826 1922 2877 Germanico
1933 2826 2163 2878 Thraces
2181 2826 2351 2889 egisse
2366 2830 2516 2890 patet
2530 2825 2674 2875 ibide

1610 2904 1629 2940 6
1655 2904 1959 2969 receptique
1976 2901 2285 2970 (sagittarii)
2320 2901 2550 2951 subsidio
2583 2902 2680 2950 Sn-

1614 2981 1839 3046 gambrae
1902 2982 2146 3041 cohortis,
2206 2994 2357 3045 qnam
2415 2981 2677 3030 Romanus

1613 3064 1867 3122 promtam
1893 3059 1959 3107 ad
1981 3057 2231 3130 pericula,
2252 3071 2347 3106 nec
2368 3055 2543 3105 minus
2556 3069 2683 3107 caue

1612 3140 1756 3183 tunm
1786 3140 1853 3183 ·et
1892 3147 2146 3182 armorum
2176 3131 2413 3181 tumultu
2456 3138 2679 3196 trucem,

1612 3210 1747 3260 hand
1771 3212 1950 3274 procul
1979 3206 2336 3258 instruxerat!

1679 3288 1782 3336 Ubi
1807 3294 1988 3336 notare
2020 3286 2199 3348 debes,
2221 3282 2563 3345 ferocissimos,
2596 3296 2679 3332 ro·-

1610 3362 2051 3427 bustissimosque‚
2070 3375 2159 3409 seu
2184 3362 2319 3409 lecta
2341 3359 2526 3407 robora
2543 3358 2676 3410 Ger·

1610 3453 1876 3488 manorum
1917 3436 2078 3487 fui-sse
2117 3436 2370 3500 disposita
2407 3434 2460 3482 in
2495 3434 2676 3498 primis

1611 3517 1892 3577 ordinibuS,
1929 3522 1990 3565 ut
2029 3530 2091 3564 ea
2127 3513 2304 3577 specie
2347 3516 2678 3564 exterrerent

1606 3594 1808 3643 bostem
1830 3597 1934 3654 ‘non
1957 3592 2142 3654 solum,
2157 3590 2250 3640 sed
2267 3589 2424 3640 etiam
2447 3585 2679 3653 impelle·

1612 3677 1730 3719 rent
1753 3670 1924 3733 primi.

1679 3747 1828 3794 Adeo
1851 3752 1909 3794 ut
1941 3744 1993 3792 in
2018 3742 2195 3807 praelio
2231 3740 2479 3791 adversus
2515 3736 2678 3786 Mari-

1612 3837 1718 3881 um,
1759 3820 1952 3869 Cimbri
1994 3827 2050 3868 et
2068 3820 2334 3867 'l‘entones
2370 3812 2677 3865 fortissimos

1609 3897 1660 3946 iu
1687 3886 1997 3960 prima'acie
2032 3894 2232 3943 catenis
2268 3893 2488 3940 invicem
2512 3904 2695 3954 nexos

1608 3975 1978 4037 disposuerint,
2011 3979 2070 4021 ut
2103 3971 2175 4020 sic
2224 3970 2488 4031 perrumpi
2534 3966 2672 4016 ordi-

1608 4066 1700 4099 nes
1750 4057 1806 4099 et
1838 4052 2065 4099 claustra
2101 4048 2191 4100 illa
2227 4044 2435 4100 ferrata
2459 4044 2604 4093 nulla
2624 4043 2679 4100 vi

1611 4134 1841 4191 possent.

1675 4201 1936 4264 Mnjorum]
1988 4201 2178 4265 Polyb.
2213 4202 2250 4250 l.
2283 4213 2343 4249 11.
2380 4199 2520 4249 Hist.
2554 4196 2675 4250 ‘Ad

1580 4278 1742 4342 *hanc
1766 4291 1991 4343 pugnam
2015 4275 2263 4331 Insubres
2286 4281 2343 4328 et
2378 4274 2495 4325 Bori
2527 4273 2676 4328 brac·
