3100 4925
1115 421 1525 476 ANuAmUM
1564 421 1721 478 mn..
1765 423 1940 474 xm.
2462 405 2636 478 1395

422 569 772 642 Certamen
807 575 1067 657 utrique
1105 587 1309 637 unum
1356 577 1499 635 erat
1544 576 1775 636 contra
1817 570 2137 634 ferociam
2194 570 2615 654 Agrippinae,

428 699 584 762 quae
659 677 914 764 cunctis
981 669 1206 738 malae⁴
1270 673 1737 737 dominationis
1808 672 2249 756 cupidinibus³
2321 657 2634 755 flagrans,

425 781 712 860 habebat
769 779 841 841 in
904 777 1206 862 partibus
1254 774 1617 849 Pallantem
1641 781 1685 853 ᾔ
1755 793 1889 856 quo
1952 779 2249 854 auctore,
2311 773 2642 855 Claudius*

424 879 669 965 nuptiis
729 881 1004 943 incestis
1068 883 1133 941 et
1192 876 1549 958 adoptione
1594 874 1913 939 exitiosa*
1960 886 2168 941 semet
2208 882 2636 958 perverterat..

428 983 562 1047 Sed
607 1001 816 1064 neque
860 980 1112 1044 Neroni
1166 979 1340 1042 infra
1366 975 1618 1041 servosb
1646 976 2017 1058 ingenium3
2082 983 2148 1040 et
2176 978 2432 1056 Pallae,
2463 978 2635 1044 tristi

426 1085 821 1168 arrogantia⁰
869 1083 1138 1146 modum
1186 1081 1402 1144 liberti
1469 1099 1793 1161 egressuS‚
1846 1078 2122 1142 taedium
2163 1079 2268 1142 sui
2317 1085 2633 1145 moverat.

418 438 472 489 J.
499 438 559 487 c.
580 429 690 499 σε]

417 1264 515 1327 bas,
535 1265 582 1313 si
595 1269 832 1327 sperneret
853 1265 994 1313 bonas
1012 1269 1156 1313 artes.
1226 1262 1477 1311 contencio
1495 1261 1716 1309 ambobus
1735 1275 1829 1309 aaa
1861 1264 1964 1308 erat
1996 1260 2216 1312 adversas
2261 1260 2624 1324 impotentiam

415 1329 799 1384 sedviolentiam
819 1329 1116 1392 Agrippinae,
1133 1344 1235 1390 qaae
1255 1327 1307 1375 in
1325 1341 1481 1375 omnes
1498 1327 1636 1387 pravi
1660 1325 1848 1386 imperii
1869 1324 2090 1373 libidines
2112 1328 2362 1387 exardens,
2374 1325 2624 1384 fautorem

416 1388 613 1442 liabeb'at
638 1394 935 1451 Pallanteum
979 1394 1108 1453 cnjus
1126 1393 1314 1440 consilio
1339 1391 1567 1439 Claudius
1585 1390 1771 1437 sibimet
1794 1389 1996 1437 exitium
2028 1394 2302 1452 paraverat,
2322 1392 2497 1438 incesto
2519 1403 2628 1439 con-

408 1458 567 1519 jugio,
601 1464 648 1506 et
678 1459 925 1521 adoptione
959 1458 1238 1520 perniciosa.
1305 1456 1398 1504 Sed
1419 1469 1564 1517 neque
1580 1454 1788 1517 principi
1809 1454 2002 1513 indoles,
2025 1469 2115 1517 qua
2137 1454 2412 1503 libertorum
2432 1455 2631 1518 ingenia

416 1523 669 1587 suspiceret
701 1529 750 1571 et
774 1524 950 1586 Pallas,
990 1523 1070 1585 qai
1101 1537 1190 1586 per
1207 1524 1520 1584 importunam
1538 1519 1830 1581 invisamque
1869 1518 2139 1582 superbiam
2171 1518 2332 1568 liberti
2368 1520 2631 1584 potentiam

1349 1665 1378 1683 O
1384 1665 1615 1684 MOOOOO‘
1621 1665 1710 1684 ΟΜ

436 1779 441 1784 ’
490 1777 519 1821 3
557 1772 643 1822 Sic
665 1773 798 1823 bene
812 1759 990 1822 'editio
1012 1773 1287 1837 princeps:
1343 1780 1399 1822 et
1433 1774 1505 1822 sic
1544 1771 1877 1822 emendatum
1910 1771 1963 1819 in
1997 1770 2104 1822 Ms.
2130 1769 2280 1819 Harl.
2347 1756 2641 1834 Perperam⁴

425 1839 742 1887 Puteolanus
777 1845 832 1887 et
864 1839 996 1887 Mss.
1032 1838 1185 1889 Harl.
1211 1837 1360 1889 Bodl.
1386 1839 1501 1889 Jes.
1542 1844 1600 1887 et
1637 1834 1815 1887 Guelf.
1850 1835 2032 1886 cunctis
2065 1834 2207 1884 malis
2239 1834 2635 1884 dominationibus

424 1903 735 1967 cupidinibus.
801 1903 1031 1952 Brotier.

1428 2048 1644 2099 NOTAE

428 2160 622 2221 centia,
658 2175 761 2209 non
784 2161 937 2209 modo
976 2164 1175 2227 expleri
1195 2179 1295 2213 nou
1320 2178 1493 2227 posse,

427 2236 519 2285 sed
543 2250 606 2285 ex
629 2237 692 2285 iis
716 2238 879 2286 multo
904 2239 1063 2301 magis
1087 2239 1380 2302 corrumpi!

435 2303 452 2309 ”
493 2311 597 2362 Sed
641 2314 770 2375 Dio,
815 2314 904 2376 qui
956 2322 1213 2377 perpetuo
1263 2314 1496 2364 infensus

425 2388 612 2462 yirtuti
651 2390 800 2437 Rom.
851 2397 905 2439 et
959 2390 1227 2454 praecipue
1262 2390 1495 2451 Senecae,

431 2466 604 2529 sperni
639 2465 818 2530 possit.
920 2467 1025 2516 Hic
1061 2467 1164 2519 loci
1202 2462 1380 2516 audiat
1412 2467 1496 2516 hic

429 2541 685 2590 Solonem.

434 2612 442 2623 '
491 2622 516 2648 ²
563 2617 787 2669 Habebat
837 2620 890 2668 in
937 2620 1156 2683 partibas
1205 2619 1496 2682 Pallantem]

332 2732 338 2739 .
433 2682 572 2742 Hinc
607 2692 741 2742 infra
780 2709 895 2757 cap.
934 2699 1014 2744 14.
1048 2696 1064 2722 ‘
1088 2696 1233 2745 Nero
1270 2694 1499 2743 infensus

429 2768 494 2818 iis
517 2770 703 2834 quibus
727 2770 974 2834 snperbia
1011 2771 1277 2821 muliebris
1315 2772 1499 2819 innite-

431 2836 606 2909 batur,
641 2845 883 2896 demovet
924 2847 1217 2897 Pallantem
1257 2862 1383 2896 cura
1420 2860 1500 2894 re-

432 2936 566 2997 rum,
591 2922 706 2987 quis
744 2939 774 2971 a
812 2923 1023 2974 Claudio
1048 2924 1336 2988 impositus,
1358 2923 1502 2974 velut

432 2996 683 3049 arbitrum
709 2999 855 3062 regni
877 2999 1103 3062 agebat?

439 3074 446 3079 ’
497 3080 521 3107 ³
550 3073 819 3136 Adoptione
841 3074 1069 3138 exitiosa]
1102 3075 1332 3124 Neronis
1348 3074 1504 3138 adop-

432 3148 509 3199 tio
553 3148 773 3197 exitiosa
809 3150 1024 3200 Claudio
1059 3151 1280 3214 principi
1305 3157 1360 3199 et
1383 3150 1505 3200 Rei·

434 3226 557 3292 pub.
577 3244 592 3289 ;
628 3228 849 3277 exitiosa
871 3224 1026 3292 patri,
1048 3229 1378 3294 praeceptori,
1397 3245 1501 3279 ma-

433 3304 528 3369 tri,
544 3302 715 3369 fratri,
739 3307 921 3371 sorori,
945 3308 1111 3371 uxori,
1132 3308 1340 3367 amitae-3
1390 3308 1500 3356 exi·

434 3381 568 3431 tiosa
608 3382 960 3433 et.·Caesarum
1000 3382 1228 3443 nomini;
1283 3382 1504 3431 exitiosa

434 3456 649 3520 ipsimet
671 3459 889 3508 Neroni.
960 3459 1090 3508 Haec
1109 3465 1254 3508 certe
1274 3457 1501 3508 exitialis

435 3531 539 3582 fuit
558 3533 795 3598 irnperio,
815 3535 948 3601 urbi,
969 3542 1023 3584 et
1046 3534 1158 3583 orbi
1182 3534 1439 3582 universo.

443 3675 448 3680 .
498 3604 524 3642 b
556 3608 700 3674 Infra·
724 3611 904 3675 servos]
971 3611 1207 3674 Respicit
1235 3610 1502 3674 praecipue

438 3685 520 3736 hic
543 3687 606 3735 ad
628 3688 940 3759 Pallantem,
960 3689 1045 3752 qui
1070 3687 1371 3736 servitutem
1398 3701 1504 3735 ser-

437 3758 604 3814 &ierat
650 3766 769 3815 olim
812 3766 950 3829 apud
995 3764 1281 3826 Claudium,
1328 3780 1359 3815 a
1400 3779 1502 3829 quo

438 3836 573 3911 forte
609 3839 852 3890 libertate
887 3841 1105 3890 donatus
1144 3847 1292 3902 erat;
1334 3841 1408 3891 ita
1445 3846 1505 3890 ut

440 3915 649 3978 patroni
684 3914 870 3966 nomen
909 3925 1155 3980 sumeret,
1190 3923 1245 3965 et
1282 3916 1507 3967 Claudius

439 3998 735 4040 vocaretur.

445 4068 450 4075 ‘
506 4064 616 4115 Aut
638 4064 778 4116 sorte
810 4065 1036 4117 Antonia
1056 4068 1210 4118 minor
1230 4068 1394 4132 prima
1417 4082 1508 4130 pa-

411 4138 595 4195 .‘trona
637 4142 890 4193 Pallantis
928 4144 1100 4207 hujus,
1153 4144 1241 4207 qui
1285 4144 1348 4193 ab
1393 4145 1507 4207 ipsa

440 4214 721 4289 'transierat
743 4218 808 4268 ad
834 4219 1122 4283 Claudium,
1152 4220 1240 4284 qui
1264 4218 1505 4269 Antoniae

439 4288 602 4359 liujus*
618 4295 829 4347 minoris
863 4294 999 4355 filius
1031 4302 1086 4346 et
1119 4296 1319 4349 haeres:
1351 4294 1512 4344 'ideo'-

1576 2177 1676 2227 que
1710 2161 1765 2210 hi
1798 2159 1977 2210 liberti
2011 2158 2320 2230 binomines,
2341 2159 2428 2224 qui
2452 2173 2639 2223 nempe

1575 2256 1762 2291 nomen
1803 2241 2015 2289 duorum
2055 2245 2394 2302 patronorum
2440 2238 2643 2288 sumsis-

1576 2323 1713 2376 sem,
1736 2314 2000 2375 Antoniae,
2021 2314 2143 2362 dein
2165 2318 2220 2360 et
2244 2312 2465 2361 Claudii.
2550 2351 2553 2354 Α

1586 2387 1591 2394 ’
1641 2400 1664 2425 0
1698 2391 1849 2441 Tristi
1870 2388 2172 2451 arrogantia]
2219 2388 2284 2436 Id
2309 2393 2405 2453 est,
2425 2402 2645 2452 morosa,

1578 2470 1786 2533 acerba,
1814 2474 2040 2527 austera,
2064 2472 2123 2514 ut
2163 2464 2250 2530 qui
2284 2480 2385 2514 non
2423 2464 2519 2514 nisi
2555 2466 2644 2514 ad-

1580 2547 1754 2596 ductis
1794 2542 2087 2609 superciliis
2124 2542 2405 2606 aspiceret,
2446 2549 2536 2611 ant
2571 2543 2647 2591 lo?-

1581 2618 1847 2688 queretur,
1881 2620 1970 2685 qui
2026 2624 2332 2683 procurator
2374 2618 2647 2683 plusquam

1581 2697 1980 2761 monosyllabus.

1652 2774 1801 2823 Tristi
1849 2770 2151 2835 arrogantia]
2221 2769 2393 2830 Tristi,
2445 2767 2497 2817 id
2549 2775 2648 2830 est,

1582 2849 1746 2919 gravi,
1791 2847 2104 2912 importuna,
2155 2842 2522 2907 superciliosa:
2592 2848 2648 2892 et

1582 2928 1670 2993 qui
1692 2941 1862 2991 neque
1884 2940 2038 2974 vocem
2057 2923 2315 2973 consociare
2345 2920 2647 2986 dignaretur

1582 3019 1698 3067 cum
1739 3004 1898 3053 servis
1932 3017 1993 3050 ac
2029 3001 2229 3051 libentis
2265 2999 2390 3063 suis,
2412 2999 2524 3062 ipse
2550 2998 2652 3048 Ro-

1582 3095 1718 3128 mam
1752 3080 1768 3107 ‘
1794 3079 2016 3143 pedibus
2039 3077 2126 3142 qui
2148 3083 2362 3127 venerat
2385 3075 2554 3126 albis!

1647 3156 1733 3205 Sic
1758 3156 1824 3204 de
1850 3155 2031 3204 Curtio
2054 3153 2196 3203 Rufo
2218 3169 2374 3219 supra
2408 3154 2441 3203 1.
2472 3167 2535 3203 11.
2565 3157 2648 3205 21.

1579 3232 1594 3260 ‘
1620 3230 1887 3280 Adversus
1944 3231 2237 3293 superiores
2289 3229 2421 3287 tristi
2475 3228 2650 3278 adula-

1581 3304 1789 3373 tionessh
1823 3306 1895 3355 Et
1933 3305 2059 3370 quid
2093 3305 2252 3367 magis
2283 3305 2651 3368 importunum,

1583 3397 1734 3446 quam
1757 3382 2007 3445 superbus
2031 3380 2282 3444 projectae
2305 3380 2649 3429 adulationis?

1646 3458 1854 3506 Tacitus
1871 3455 2006 3505 infra
2020 3463 2241 3507 mentem
2258 3471 2398 3504 suam
2419 3456 2651 3518 explicat

1583 3550 1701 3598 cap.
1720 3538 1804 3584 23.
1826 3535 1842 3561 ‘
1868 3535 1981 3584 Nec
2007 3540 2110 3581 tam
2136 3539 2280 3595 grata
2296 3532 2551 3582 Pallantis
2574 3533 2653 3582 in·

1581 3611 1845 3671 nocentia,
1869 3625 2021 3674 quam
2049 3608 2217 3672 gravis
2243 3607 2489 3673 superbia
2509 3607 2648 3659 fuit.’

1585 3686 1905 3754 intelligitur
1926 3687 2077 3735 homo
2100 3694 2355 3747 austerae,
2387 3699 2560 3749 asper,
2594 3692 2651 3735 et

1584 3763 1791 3826 ingenio
1817 3762 1972 3811 durus
1998 3776 2286 3827 saevusque,
2305 3762 2475 3826 potius
2498 3778 2651 3827 quam

1584 3853 1811 3888 severus.
2343 3894 2350 3901 ,
2624 3828 2629 3831 ’

1651 3915 1831 3976 Pallas,
1852 3914 1985 3964 tristi
2016 3914 2318 3978 arrogantia]
2382 3914 2559 3979 Tristi,
2597 3913 2651 3967 id

1587 3997 1688 4054 est,
1726 3990 1939 4040 molesta
1992 4006 2318 4056 morosaque,
2371 3998 2428 4042 et
2475 4005 2651 4040 conse·-

1588 4073 1808 4130 quenter
1848 4067 1990 4130 gravi
2035 4075 2090 4115 et
2142 4068 2463 4130 importuna;
2526 4064 2650 4130 quid

1589 4143 1721 4211 enim
1754 4143 2017 4209 molestius
2043 4157 2193 4192 servo
2214 4141 2513 4207 arroganti?
2560 4143 2655 4190 Ta-

1587 4219 1690 4267 lem
1732 4219 2075 4281 arrogantiam
2119 4210 2368 4268 describit
2408 4217 2652 4271 Juvenal.

1586 4295 1603 4322 ‘
1626 4295 1776 4344 homo
1800 4295 1958 4346 durus
1981 4301 2036 4344 et
2059 4309 2229 4357 asper,
2247 4292 2651 4342 Procuratorem
