3100 4925
556 376 731 444 1⁶14

557 533 763 611 ribus,
790 550 925 598 non
949 532 1216 598 aliunde
1239 534 1554 615 originem
1572 533 1739 596 trahi
1747 553 1765 593 .·
1825 531 2401 614 Si-separarentur1
2416 533 2767 610 uberti-if

559 633 975 702 manifestam
993 636 1132 701 fore
1149 636 1491 719 penuriam
1507 637 1989 717 ingenuorum.⁰
2019 633 2088 698 N
2089 653 2175 698 on
2188 635 2435 700 frustra
2446 635 2765 720 majores,

1272 392 1340 440 0.
1387 385 1758 438 commml
1803 389 2064 438 ῬΑΟΙΊῚ
2442 385 2770 460 [spuma.

560 828 729 873 torum
752 835 855 873 non
873 823 1087 902 aliunde·
1102 838 1261 888 genus
1282 825 1504 877 duxisse.
1568 825 1625 875 Si
1641 824 1940 875 dividantur
1951 824 2200 888 libertini,
2215 826 2410 877 claram
2428 829 2769 935 spertsmgue

560 886 676 937 fore
714 889 1033 953 paucitatem
1074 903 1428 953 ingenuorum.
1501 890 1617 940 Nec
1645 890 1733 939 abs
1757 904 1811 940 re
1830 897 2057 954 veteres,
2078 905 2193 940 cnm
2219 890 2375 940 decus
2398 889 2635 938 ordinum
2698 901 2767 935 is-

1474 1016 1773 1037 “OOON‘OO
1776 1017 1834 1037 ‘O

565 1149 570 1155 ,
629 1100 654 1143 l
689 1096 775 1145 Sic
810 1095 940 1149 Mss.
963 1097 1103 1148 Flor.
1138 1098 1293 1150 Bodl.
1333 1107 1387 1149 et
1407 1099 1744 1151 Puteolanus.
1810 1100 1876 1150 In
1894 1100 1998 1150 ΜΒ.
2022 1100 2159 1163 Ῑὶιῑει
2175 1104 2232 1147 et
2244 1096 2484 1150 editione
2507 1096 2770 1161 principe,

559 1166 854 1221 separantur.
922 1163 1217 1226 Rhenanus,
1237 1168 1539 1229 separatu.-
1572 1171 1628 1214 et
1649 1166 1725 1215 sic
1748 1163 2039 1215 Gronovius
2061 1171 2116 1213 et
2141 1162 2384 1227 Ryckius.

1547 1297 1764 1350 No'rAE

563 1413 619 1456 et
654 1407 856 1469 opibus,
893 1414 950 1458 et
974 1407 1086 1458 fere
1109 1411 1269 1474 qualis
1293 1410 1416 1460 olim
1441 1410 1628 1460 Moece·
1707 1413 1868 1476 tione,
1884 1414 1927 1463 si
1962 1414 2106 1477 prius
2140 1413 2208 1462 ab
2243 1412 2420 1477 equite
2443 1413 2589 1462 Rom.
2604 1409 2769 1473 adop-

562 1498 676 1555 nas,
695 1490 752 1533 et
771 1483 858 1533 alii
880 1482 1233 1536 florentissimi
1256 1488 1477 1551 equites.

627 1567 652 1592 ¹¹
685 1560 745 1609 Si
778 1568 1112 1624 separarentur
1155 1563 1392 1626 libertini]
1436 1562 1628 1613 Primis

564 1636 886 1700 temporibus
906 1639 1141 1701 ingenuus
1160 1640 1431 1689 dicebatur
1449 1640 1514 1700 is,
1538 1640 1628 1703 qui

565 1728 629 1761 ex
653 1712 857 1764 dnobus
881 1715 1118 1777 ingenuis
1142 1717 1223 1765 vel
1242 1716 1442 1765 duobus
1472 1716 1628 1764 liber·

563 1789 688 1837 tinis
734 1797 885 1839 natus
926 1799 1101 1852 esset;
1146 1792 1408 1853 libertinas,
1429 1792 1517 1856 qui
1559 1805 1628 1841 ex

566 1864 765 1914 duobus
782 1866 1022 1929 libertis;
1056 1869 1268 1931 libertus,
1291 1870 1381 1933 qui
1401 1870 1630 1933 aliquan-

566 1941 634 1989 do
681 1943 984 1993 servitutem
1023 1947 1289 2005 servisset,
1334 1952 1391 1995 et
1433 1960 1500 1994 ex
1536 1945 1629 1994 illa

566 2019 902 2067 manumissus
923 2027 1079 2071 esset.

632 2090 708 2139 At
730 2099 846 2153 post
866 2093 1030 2157 Appii
1059 2111 1347 2159 censuram,
1364 2096 1543 2148 liberti
1574 2103 1631 2145 et

566 2166 798 2215 libertini
828 2183 923 2231 pro
948 2169 1131 2221 iisdem
1169 2173 1397 2236 accepti,
1426 2182 1483 2223 et
1515 2179 1628 2223 tum

566 2243 763 2304 ingenui
781 2243 934 2307 edicti,
967 2248 1057 2311 qui
1100 2262 1166 2298 ex
1206 2249 1409 2299 libertis
1443 2264 1535 2299 seu
1566 2251 1625 2298 li-

567 2317 784 2368 bertinis
806 2321 917 2371 nati
937 2330 1103 2375 erant.
1150 2325 1221 2374 Et
1245 2332 1418 2375 tamen
1441 2331 1551 2375 tum
1570 2326 1628 2374 id

569 2395 878 2445 discriminis
904 2398 1253 2465 observatum,
1274 2410 1334 2452 ut
1364 2402 1522 2452 liberti
1557 2402 1630 2450 di-

569 2481 816 2523 cerentur
838 2483 1082 2539 respectu
1098 2485 1453 2542 patronorum,
1487 2486 1544 2530 et
1576 2479 1634 2528 ti-

570 2546 747 2597 ber-tini
769 2558 1008 2612 respectu
1029 2553 1390 2615 ingenuorum.

632 2623 720 2673 Sic
738 2624 793 2673 in
811 2624 988 2676 Instit.
1008 2629 1203 2679 Justin.
1227 2630 1262 2678 1.
1276 2643 1316 2679 1.
1338 2631 1422 2679 tit.
1436 2635 1485 2680 4.
1507 2630 1521 2655 ‘
1547 2631 1634 2679 Iu·

570 2713 765 2763 genuus
791 2701 837 2750 is
859 2701 1071 2766 dicitur,
1094 2704 1182 2768 qui
1202 2706 1379 2755 statim
1402 2714 1462 2755 ut
1483 2713 1636 2756 natus

572 2782 654 2824 est
677 2776 812 2826 liber
831 2784 943 2840 est;
977 2779 1085 2829 sive
1108 2794 1175 2829 ex
1193 2780 1396 2831 duobus
1412 2782 1632 2845 ingeniis

572 2851 889 2916 patrimonio
918 2855 1092 2906 editus
1116 2857 1221 2917 sit3
1255 2858 1366 2906 sive
1388 2872 1455 2906 ex
1476 2858 1633 2907 liber·

575 2928 697 2977 tinis
723 2928 960 2990 duobus3
990 2931 1100 2979 sive
1136 2946 1203 2980 ex
1237 2933 1406 2981 altero
1441 2933 1633 2983 liberto

572 3009 629 3052 et
652 3004 819 3052 altero
839 3004 1077 3067 ingenuo.
1143 3006 1244 3056 Sed
1268 3014 1325 3057 et
1355 3009 1399 3057 si
1432 3009 1548 3072 quis
1568 3022 1635 3058 ex

572 3083 744 3126 matre
787 3084 1033 3128 nascatur
1073 3078 1255 3143 libera,
1307 3088 1463 3145 patre
1507 3098 1636 3132 vero

574 3167 746 3215 servo,
767 3154 1020 3217 ingenuus
1037 3156 1364 3208 nihilominus
1393 3161 1640 3222 nascitur,

577 3229 1008 3293 quemadmodum
1047 3232 1136 3297 qui
1180 3248 1244 3283 ex
1278 3235 1445 3285 libera
1475 3244 1532 3285 et
1566 3238 1641 3286 iu·

576 3311 723 3356 certo
741 3314 893 3369 putre
915 3314 1066 3357 natus
1087 3310 1203 3371 est,’
1224 3315 1326 3362 ὅτε.

640 3383 712 3431 Et
733 3383 918 3433 eodem
939 3385 1029 3436 lib.
1052 3386 1139 3436 tit.
1158 3394 1206 3437 ⁶.
1228 3388 1440 3437 libertini
1456 3389 1639 3440 defini-

576 3467 737 3509 untur
757 3460 811 3523 ii,
828 3461 916 3525 qui
938 3475 1005 3510 ex
1018 3462 1166 3525 justa
1188 3464 1437 3514 servitute
1459 3480 1637 3515 manu.

575 3535 875 3595 missisunt,
898 3537 1019 3600 quia
1041 3542 1154 3587 tum
1173 3553 1295 3589 usus
1312 3541 1410 3590 hoc
1429 3540 1638 3590 obtinu-

575 3616 714 3673 erat,
735 3617 797 3660 ut
835 3611 1066 3661 libertini
1105 3612 1420 3676 dicerentur,
1454 3616 1544 3679 qui
1578 3617 1637 3665 li-

579 3683 787 3734 bertate
805 3685 981 3735 donati
1001 3693 1058 3737 et
1088 3690 1383 3738 manumissi
1412 3689 1638 3756 fuerant,

575 3772 698 3808 cum
717 3759 812 3822 ipsi
832 3762 953 3810 oiim
974 3763 1276 3814 servissent.

577 3880 582 3883 ,
642 3833 748 3883 Sed
769 3835 949 3897 primis
972 3838 1291 3900 temporibus
1314 3840 1462 3888 aliam
1482 3839 1640 3891 fuisse

576 3908 965 3960 distinctionem
983 3920 1126 3974 patet
1144 3926 1210 3961 ex
1223 3914 1439 3963 Sueton.
1453 3914 1638 3967 claud.

578 3990 664 4036 24.
696 3987 712 4014 ‘
738 3987 925 4037 Latum
968 3989 1189 4051 clevum,
1221 3990 1454 4053 quamvis
1491 3991 1640 4044 initio

576 4060 885 4117 affirmasset
916 4077 1018 4112 non
1050 4064 1304 4114 lecturum
1328 4073 1641 4133 senatorem,

581 4138 682 4189 nisi
718 4138 846 4188 civis
870 4139 1019 4189 Rom.
1040 4138 1372 4204 abnepotem,
1387 4142 1549 4193 etiam
1581 4144 1642 4193 li·-

577 4213 775 4273 ‘bertini
809 4212 918 4266 filio
957 4213 1176 4267 tribuit:
1209 4215 1304 4268 sed
1333 4218 1428 4271 sub
1471 4218 1644 4271 condi-

1708 1496 1847 1539 tatus
1888 1497 2042 1540 esset.
2109 1488 2189 1537 Ac
2231 1490 2308 1537 sic
2347 1502 2550 1554 quoque
2587 1501 2773 1550 repre-

1705 1566 2002 1624 hensionem
2020 1579 2224 1626 verens,
2238 1564 2391 1613 etiam
2406 1562 2633 1627 Appium
2648 1561 2774 1611 Βω-

1708 1656 1826 1691 cum
1845 1641 2145 1702 Censorem,
2166 1639 2368 1703 generis
2392 1639 2472 1687 sui
2500 1642 2774 1701 pros-cto-

1706 1732 1836 1778 rem,
1871 1716 2231 1766 libertinorum
2269 1715 2405 1764 filios
2440 1715 2496 1762 in
2528 1720 2769 1763 senatum

1707 1792 1944 1855 allegisse
1967 1791 2174 1841 docuit:
2208 1791 2432 1853 ignarus,
2449 1788 2773 1853 temporibus

1709 1866 1886 1931 Appii,
1902 1874 1958 1916 et
1974 1866 2224 1931 deinceps
2246 1865 2560 1931 aliquandiu,
2574 1865 2777 1915 liberti-

1707 1958 1802 1993 nos
1822 1943 2008 2006 dictos,
2028 1957 2131 1992 non
2161 1943 2299 2005 ipsos
2321 1942 2415 2005 qui
2450 1940 2778 1990 manumitte-

1708 2025 1906 2082 rentur,
1928 2020 2021 2069 sed
2056 2019 2308 2082 ingenuos
2329 2032 2398 2066 ex
2418 2017 2497 2066 his
2528 2030 2776 2081 procres-

1708 2094 1823 2145 tos?
1918 2135 1929 2142 ,

1775 2170 1916 2220 Hinc
1937 2176 2104 2235 patet,
2136 2184 2230 2234 pro
2255 2168 2414 2218 variis
2438 2166 2778 2231 temporibus,

1712 2245 1864 2295 aliter
1886 2251 2104 2308 accepta
2133 2245 2237 2294 ista
2258 2243 2512 2293 vocabula
2532 2241 2698 2291 liberti
2719 2247 2778 2290 et

1711 2321 1939 2371 libertini.
2008 2321 2129 2370 Non
2165 2319 2286 2369 olim
2331 2318 2562 2367 libertini
2598 2317 2776 2367 statim

1712 2400 1939 2465 ingenui.
1985 2397 2060 2449 At
2084 2404 2319 2463 tempore
2342 2395 2567 2459 Claudii,
2578 2395 2778 2445 nullum

1712 2477 1993 2526 discrimen
2028 2476 2168 2525 inter
2202 2475 2443 2524 libertum
2480 2478 2538 2521 et
2576 2471 2778 2522 liberti·

1714 2567 1852 2603 uum.
1918 2554 1990 2601 Et
2026 2552 2070 2600 is
2096 2551 2268 2615 quiex
2289 2548 2484 2598 liberto
2506 2562 2600 2597 seu
2619 2546 2776 2596 liber-

1717 2629 1824 2677 tino
1869 2635 2191 2691 procreatus,
2233 2625 2491 2688 ingenuus
2531 2621 2657 2680 fuit3
2701 2622 2775 2671 sic

1713 2703 1804 2767 qui
1824 2702 2012 2767 priscis
2031 2699 2354 2764 temporibus
2374 2697 2647 2748 libertinus
2669 2701 2781 2746 tsn-

1710 2786 1822 2831 tnm
1854 2787 1992 2841 erat,
2024 2784 2264 2841 tempore
2286 2774 2494 2824 Claudii
2526 2774 2781 2838 ingenuus

1713 2853 1836 2915 fuit,
1858 2862 1914 2903 et
1936 2854 1989 2902 in
2006 2867 2070 2902 eo
2087 2853 2233 2902 illum
2255 2850 2623 2900 hallucinatum
2646 2847 2780 2897 dicit

1711 2929 2011 2980 Suetonius.

1778 3004 1855 3054 At
1888 3004 2019 3053 licet
2038 3001 2176 3052 filius
2204 3001 2381 3052 liberti
2414 3002 2667 3064 ingenuus
2704 3015 2783 3051 es-

1716 3088 1814 3141 set,
1838 3095 1943 3130 non
1966 3085 2138 3129 tamen
2163 3078 2278 3142 pari
2300 3078 2422 3141 jure
2443 3076 2543 3126 fuit
2564 3089 2683 3126 cum
2706 3073 2784 3122 in-

1716 3157 1899 3221 genuis
1959 3169 2175 3220 quorum
2224 3159 2472 3216 parentes
2519 3162 2782 3214 nunquam

1719 3233 2021 3282 servissent.
2068 3229 2282 3294 Quippe
2304 3229 2524 3278 libertus
2548 3233 2603 3277 et
2624 3225 2781 3277 liber-

1722 3308 1761 3357 ti
1782 3306 1920 3356 filius
1959 3306 2012 3354 in
2034 3305 2230 3354 urbana
2256 3303 2392 3353 tribu
2415 3302 2781 3362 censebantur,
2814 3328 2821 3335 -

1716 3390 1775 3432 at
1804 3382 1981 3432 liberti
2019 3395 2180 3445 nepos
2215 3379 2337 3429 tulit
2381 3376 2683 3439 suffragium
2728 3375 2784 3424 in

1717 3458 1857 3508 tribu
1889 3456 2107 3518 rustica,
2128 3463 2186 3504 et
2227 3460 2428 3504 tantum
2463 3451 2630 3517 plebis
2659 3449 2781 3501 fuit.

1716 3532 1921 3582 Liberti
1957 3545 2212 3596 pronepos
2252 3530 2426 3593 potuit
2468 3542 2584 3581 esse
2621 3540 2782 3591 eques

1716 3610 1867 3660 Rom.
1888 3606 2064 3656 liberti
2082 3605 2311 3669 abnepos
2335 3604 2386 3653 in
2402 3608 2637 3653 senatum
2656 3600 2789 3666 legi,

1717 3692 1775 3735 et
1795 3684 2077 3749 dignitates
2102 3688 2158 3732 et
2189 3681 2524 3745 magistratus
2544 3678 2786 3731 obtinere

1756 3762 1909 3812 otuit.
2396 3794 2409 3801 -

1718 3777 1753 3825 1)
1784 3845 1808 3869 ⁰
1842 3835 2101 3886 Penatium
2142 3830 2479 3896 ingenuorum]
2506 3830 2627 3881 Seu.
2671 3829 2710 3879 1.
2742 3843 2784 3878 1.

1721 3915 1788 3965 de
1818 3914 1980 3964 Clem.
2003 3913 2150 3965 c.24.
2183 3911 2199 3937 ‘
2222 3911 2409 3958 Servos
2447 3915 2508 3959 ut
2540 3924 2573 3959 a
2607 3906 2788 3959 liberis

1720 3991 1892 4040 cultus
1913 3988 2280 4050 distingueret,
2301 3985 2577 4051 aliquando
2614 3985 2669 4033 in
2704 3997 2785 4033 se·

1720 4076 1849 4119 natu
1879 4067 2025 4117 dicta
2054 4066 2316 4116 sententia
2350 4071 2462 4115 est:
2498 4062 2592 4114 sed
2629 4076 2786 4126 apps-

1718 4148 1830 4199 ruit
1861 4151 2113 4211 quantum
2145 4142 2433 4208 periculum
2468 4141 2786 4197 immineret.

1722 4220 1769 4272 si
1788 4220 1926 4273 servi
1945 4218 2113 4273 nostri
2128 4231 2400 4271 numerare
2420 4231 2514 4271 nos
2534 4211 2785 4284 possent?
