3100 4925
394 411 455 465 s.
472 381 538 463 ³0.
559 410 669 478 σα]
706 365 715 376 ’

1097 395 1531 456 &Nurimum
1565 404 1715 453 mn.
1764 406 1911 456 ΧΠ.

2408 337 2597 458 1201

396 523 655 652 salutis
681 540 1080 635 augurium,y
1107 551 1398 634 quinque
1423 556 1489 615 et
1515 539 1748 634 viginti
1776 550 1962 613 annis
1989 548 2331 627 omissum,
2359 515 2610 632 repetig

395 693 498 788 {um
528 695 617 779 iver
651 716 847 782 quinque
883 720 931 765 et
964 715 1137 777 viginti
1169 731 1315 766 annos
1351 716 1589 776 innovari,
1620 687 1908 777 aedeiuceps
1928 684 2212 778 rontinuari,
2231 715 2459 763 statatum
2494 685 2594 763 esti

1387 860 1610 911 NOTJE
1667 889 1672 890 ν

404 1017 413 1024 .
462 980 485 1014 5
506 972 686 1021 Salutis
700 972 973 1035 augurium]
1008 972 1157 1023 Quod
1181 988 1210 1022 e
1229 973 1456 1023 tenebris

396 1048 592 1111 primus
614 1049 750 1097 eruit
783 1049 1102 1097 Politianns:
1140 1063 1291 1113 quem
1329 1050 1457 1097 licet

397 1122 543 1186 legas
564 1122 790 1170 Misceit.
813 1136 859 1170 c.
881 1126 958 1172 13.
978 1123 1201 1171 Dionem
1229 1136 1456 1174 xxxvn.

397 1205 454 1247 et
470 1210 546 1246 ιι.
604 1198 811 1245 Festum
837 1198 887 1245 in
911 1212 1036 1246 voce
1064 1198 1309 1266 Maximus
1330 1203 1460 1246 μνω-

394 1278 490 1322 tor.
554 1271 657 1321 Sed
702 1287 941 1321 numerus
985 1273 1037 1320 in
1082 1273 1281 1321 Tacito.-
1308 1271 1458 1321 satin’

378 1350 588 1410 bverus?
621 1348 866 1396 delibero.
912 1349 1047 1397 Nam
1066 1361 1304 1410 suprema
1323 1363 1460 1397 men-

398 1424 475 1474 tio
499 1424 640 1487 capti
664 1424 813 1487 hujus
839 1424 1038 1486 augurii
1060 1423 1197 1485 apud
1241 1424 1461 1473 Dionem

396 1504 480 1547 est
500 1513 635 1548 anno
656 1499 798 1550 urbis
819 1502 932 1548 725.
948 1513 1064 1548 cum
1083 1504 1139 1547 et
1155 1499 1316 1550 Jauus
1336 1500 1460 1549 item

399 1574 466 1623 ab
490 1573 723 1635 Augusto
747 1574 964 1623 clausus.

452 1649 626 1714 «Atqui
650 1649 713 1698 ab
739 1665 799 1697 eo
821 1650 904 1698 die
926 1650 990 1697 ad
1022 1650 1154 1697 hunc
1179 1654 1293 1698 802.
1319 1649 1457 1697 urbis

401 1739 606 1787 aunum,
633 1740 733 1773 non
757 1730 840 1775 25.
873 1726 947 1774 uti
971 1725 1054 1773 hic
1077 1726 1349 1787 scriptum,
1368 1725 1457 1776 sed

399 1806 480 1852 77.
519 1801 777 1852 intersunt
815 1802 954 1849 anni.
1019 1802 1095 1850 Ut
1139 1816 1263 1863 ergo
1309 1815 1459 1849 verns

391 1876 664 1942 justusque
696 1891 937 1924 numerus
972 1875 1058 1937 sit,
1079 1891 1110 1924 a
1140 1876 1347 1923 Tiberio
1379 1889 1458 1923 re-

399 1952 623 2015 petitum
639 1952 689 1999 id
715 1951 981 2013 augurium
1005 1965 1215 2000 necesse
1237 1958 1319 1999 est
1334 1952 1459 2000 Cor·

399 2025 541 2076 nelio
560 2027 814 2089 Cethego,
835 2028 1044 2075 Visellio
1065 2029 1296 2076 Varrone
1316 2028 1458 2076 Coss.

403 2107 543 2151 anuo
557 2103 699 2151 urbis
718 2107 831 2152 777.
897 2103 1108 2167 Lipsius.

402 2201 410 2213 ¹
460 2180 542 2233 ‘At
566 2179 843 2227 verisimile
862 2187 964 2239 est,
987 2180 1270 2242 repetitum
1302 2177 1459 2227 fuisse
1490 2209 1496 2215 -

401 2253 545 2305 illum
579 2254 733 2303 ritum
755 2270 787 2303 a
806 2255 1028 2317 Tiberio,
1051 2255 1147 2303 sub
1179 2269 1282 2318 quo
1321 2255 1463 2303 nulla

400 2328 515 2382 fere
551 2329 704 2391 bena,
739 2335 828 2378 aut
862 2333 1003 2379 c'erte
1037 2330 1216 2379 brevia
1236 2328 1461 2377 fuerunt.

401 2403 509 2453 Sed
541 2402 692 2452 video
726 2402 839 2453 fere
874 2404 974 2452 ιιοιι
1007 2403 1317 2453 mentionem
1351 2402 1463 2450 fieri

401 2479 595 2542 augurii
613 2481 798 2542 salutis,
817 2481 938 2545 quin
971 2481 1119 2530 simul
1144 2480 1363 2529 addatur
1395 2479 1461 2528 de

397 2554 530 2605 Jano
548 2555 701 2604 clauso
715 2571 731 2602 .·
764 2557 897 2618 quod
918 2556 1147 2604 ultimum
1168 2562 1339 2605 tamen
1360 2553 1463 2604 fac-

402 2638 515 2681 tum
535 2645 634 2680 non
650 2631 842 2692 legitur
855 2632 947 2679 sub
966 2631 1190 2692 Tiberio,
1206 2638 1296 2678 aut
1312 2631 1464 2680 Clau·

402 2706 507 2757 dio.
573 2706 901 2768 Distinguere
936 2705 1143 2754 videtur
1184 2706 1297 2754 Dio
1327 2706 1465 2755 inter

403 2793 594 2830 anuum
613 2786 668 2829 et
691 2781 859 2829 diem:
896 2786 1179 2844 potueruut
1209 2790 1395 2829 vacare
1435 2794 1466 2828 a

404 2856 557 2905 benis
592 2854 658 2906 ad
714 2869 869 2903 unum
924 2854 1081 2917 diem,
1124 2853 1213 2903 sed
1244 2868 1355 2902 -non
1399 2854 1466 2912 ati

403 2918 594 2980 annum
619 2937 815 2983 totum:
840 2929 1072 2998 ⁴ideoque
1107 2936 1349 2993 repetere
1379 2943 1468 2991 po-

406 3014 625 3059 tuerunt
658 3007 908 3068 “tigurium
941 3006 1126 3070 salutis,
1156 3020 1261 3054 non
1295 3012 1468 3054 tamen

403 3073 589 3135 Uarium
604 3085 833 3132 claudere.

405 3192 417 3205 .
475 3160 655 3209 Salutis
674 3157 948 3220 augurium]
993 3161 1079 3208 De
1119 3172 1221 3222 quo
1258 3158 1331 3206 sic
1359 3157 1468 3205 -Dio

409 3238 448 3287 1.
467 3248 694 3286 xxxvu.
731 3243 852 3299 post
890 3236 1213 3298 triumphum
1237 3232 1487 3296 Pompeii

405 3324 478 3361 ex
502 3312 720 3373 Oriente
751 3313 1132 3374 reportatum‚-⁴
1161 3324 1331 3359 annuo
1352 3317 1473 3359 tunc

1604 975 1619 1001 ‘
1641 974 1711 1022 Et
1744 978 2023 1035 propterea
2059 972 2109 1019 in
2150 970 2405 1020 continuis
2427 970 2598 1037 bellis,

1538 1054 1594 1097 et
1616 1048 1835 1096 maxime
1868 1047 2122 1103 civilibus,
2159 1060 2258 1094 non
2298 1046 2598 1096 celebraba-

1539 1128 1643 1171 tur.
1711 1124 1844 1171 Nam
1878 1122 2066 1185 alioqui
2106 1119 2461 1169 difficillimum
2483 1129 2601 1172 erat

1539 1197 1800 1258 Βοωιιηὶε,
1835 1206 1893 1246 ut
1915 1213 2027 1246 eam
2053 1199 2187 1245 diem
2219 1204 2399 1244 exacte
2429 1197 2495 1246 ab
2516 1196 2597 1248 hin

1539 1273 1772 1322 omnibus
1815 1288 1995 1335 puram
2035 1280 2322 1331 servarent,
2364 1271 2442 1322 et'
2466 1283 2602 1336 pras-⁹
2647 1301 2654 1305 -

1539 1354 1683 1396 terea
1704 1348 2116 1397 absurdissimum
2138 1347 2428 1408 videbatur,
2459 1348 2598 1411 quod

1537 1433 1653 1472 cum
1692 1424 1789 1486 ipsi
1827 1428 1936 1473 sese
1968 1432 2143 1472 mutuo
2181 1437 2277 1486 per
2309 1422 2596 1478 'seditiones

1538 1499 1677 1548 ultro
1718 1499 1867 1546 malis
1918 1497 2140 1546 infandis
2182 1496 2492 1561 affligerent,
2543 1504 2600 1548 et

1450 1597 1456 1602 ·
1513 1574 1612 1624 *ita
1636 1574 1742 1621 sive
1768 1573 2025 1634 victores,
2045 1573 2152 1621 sive
2176 1573 2317 1631 victi,
2357 1573 2410 1620 in
2449 1572 2599 1621 mise·
2653 1611 2661 1618 .

1537 1649 1625 1697 riis
1648 1655 1835 1712 essent,
1859 1655 1918 1698 ut
1938 1649 2012 1699 sic
2036 1649 2253 1698 salutem
2273 1663 2303 1696 a
2318 1650 2437 1697 Deo
2459 1647 2601 1743 flagi

1537 1730 1727 1775 tarent.

1601 1803 1617 1832 ‘
1642 1801 1801 1866 Atqui
1827 1808 1950 1851 tunc
1972 1803 2245 1852 videbatur
2260 1802 2314 1852 id
2331 1802 2599 1866 augurium

1538 1876 1656 1938 capi
1679 1890 1848 1939 posse,
1883 1891 1983 1924 non
2007 1885 2180 1926 tamen
2215 1875 2395 1939 purum
2421 1891 2600 1940 perac-

1539 1957 1647 1998 tum
1668 1963 1813 2010 esse3
1846 1950 2103 1998 inusitatae
2140 1950 2276 1997 enim
2307 1963 2425 1999 aves
2446 1950 2600 2000 advo·

1536 2026 1727 2087 larunt,
1763 2031 1826 2073 et
1840 2025 2108 2087 augurium
2141 2025 2393 2073 sinistrum
2433 2024 2602 2073 reddi·

1436 2125 1441 2128 -
1537 2102 1758 2164 deruntf
1779 2106 1878 2151 &c-

1591 2178 1803 2227 Deinl.
1838 2190 1911 2228 ιι.
1944 2176 2048 2226 Dio
2068 2176 2135 2225 de
2159 2175 2424 2240 Augusto.
2460 2176 2603 2227 ‘Sed

1539 2254 1761 2308 maxime
1786 2254 1991 2315 gavisus
2015 2260 2113 2316 est,
2130 2254 2266 2316 quod
2292 2260 2457 2317 portae
2479 2254 2603 2305 Jani

1539 2330 1884 2394 clausaelsunss
1906 2329 2046 2377 velut
2070 2329 2302 2378 omnibus
2320 2330 2467 2378 bellis
2485 2343 2605 2379 con·
2679 2351 2684 2356 ·

1539 2403 1711 2465 fectis,
1735 2419 1796 2453 ac
1821 2402 1960 2469 quod
1983 2405 2247 2468 augurium
2284 2406 2463 2453 salutis
2498 2404 2604 2455 fac·

1541 2486 1649 2530 tum
1673 2486 1772 2542 est,
1807 2480 1943 2544 quod
1979 2481 2227 2529 hactenus
2262 2481 2605 2531 intermissum

1539 2552 1730 2617 fuerat,
1751 2555 1818 2604 ob
1840 2570 1927 2603 eas
1951 2570 2076 2619 quas
2100 2555 2205 2603 dixi
2230 2555 2444 2605 causas!

1609 2632 1691 2679 Sic
1727 2636 1782 2678 et
1819 2630 1962 2678 Suet.
2001 2629 2138 2692 Aug.
2180 2634 2272 2679 31:
2306 2633 2320 2658 ‘
2344 2631 2605 2680 Nonnulla

1544 2707 1700 2756 etiam
1724 2718 1792 2754 ex
1827 2707 2052 2769 antiquis
2083 2706 2390 2754 caerimoniis
2419 2702 2606 2769 'paula-

1545 2783 1636 2831 tim
1656 2783 1849 2831 abolita
1871 2782 2133 2830 restituit:
2172 2789 2227 2829 ut
2252 2781 2428 2830 salutis
2451 2786 2607 2843 angu-

1545 2859 1698 2920 rium,
1719 2858 1876 2906 Diaie
1894 2855 2205 2916 flaminium}
2228 2859 2324 2905 ὅτε.
2356 2856 2492 2904 Nec
2516 2856 2607 2904 du·

1549 2934 1679 2995 bito,
1716 2934 1840 2997 quin
1878 2928 2220 2980 instauratum
2246 2931 2368 2979 illud
2392 2931 2477 2994 sit,
2509 2931 2605 2981 sub

1547 3008 1758 3059 Tiberio
1779 3008 2029 3071 principe.

1540 3113 1556 3127 .·
1615 3084 1794 3134 Salutis
1846 3083 2119 3146 augam-ium]
2196 3082 2386 3131 Scribit
2427 3083 2607 3132 Sueto-

1547 3161 1665 3210 'nius
1698 3160 1752 3208 in
1790 3159 1924 3224 Aug.
1977 3164 2059 3209 31.
2117 3160 2281 3222 ipsum
2316 3159 2608 3222 Augustum

1551 3236 1796 3285 nonnulla
1827 3249 1891 3282 ex
1917 3235 2138 3297 antiquis
2168 3235 2477 3282 caerimoniis
2491 3234 2611 3282 abo-

1551 3313 1648 3361 lita
1689 3311 1996 3372 restituisse5
2033 3311 2171 3360 inter
2215 3325 2329 3374 quae
2374 3315 2612 3360 recenset

400 3379 582 3451 'spatio
616 3387 832 3436 Romani
853 3401 884 3435 a
908 3386 1056 3435 bellis
1080 3393 1365 3444 vacarunt-3
1384 3386 1476 3434 ita
1552 3388 1721 3437 salutis
1740 3386 2007 3448 augurium.

405 3472 475 3514 ²ut
495 3465 648 3526 longo
682 3470 916 3526 tempore
949 3462 1297 3512 intermissum
1319 3476 1474 3524 augu-

410 3541 549 3591 rium
572 3533 752 3588 salutis
773 3543 1101 3601 repeterent

407 3626 445 3653 ἑ»
478 3617 613 3665 ‘Est
655 3620 825 3673 autem
866 3611 1101 3676 quaedam
1146 3609 1474 3661 divinationis

414 3692 635 3757 species,
655 3705 751 3755 qua
783 3676 1052 3753 probatur,
1084 3703 1170 3737 an
1165 3690 1326 3737 Deus
1351 3685 1474 3749 ipsis

411 3768 688 3832 concedat,
723 3776 795 3818 ut
812 3768 1003 3831 populo
1041 3766 1257 3815 salutem
1299 3772 1474 3827 postu-

292 3894 299 3899 ,
372 3898 378 3903 ,
409 3845 550 3896 tent:
576 3859 718 3908 quasi
733 3842 879 3892 nefas
899 3843 1086 3891 siteam
1102 3849 1300 3905 petere,
1314 3855 1474 3908 prius

408 3936 569 3984 quam
600 3910 781 3968 ·liceat‘
810 3920 867 3968 et
899 3917 1234 3982 permittatur
1273 3930 1306 3964 a
1342 3915 1475 3965 Diis.

417 3994 507 4045 Ad
529 3994 583 4044 id
615 3994 727 4043 dies
757 3994 1114 4055 destinabatur
1142 3990 1354 4056 singulis
1389 4006 1475 4039 an-

410 4070 529 4134 ιιίο,ι
550 4070 625 4121 ad·
655 4086 806 4137 qnam
846 4069 979 4120 diem
1014 4070 1179 4118 nullus
1211 4068 1475 4124 exercitus

408 4147 597 4207 exibat
628 4146 700 4196 ad
735 4147 943 4209 bellum,
973 4157 1141 4209 neque
1181 4150 1363 4194 centn
1407 4145 1482 4192 in-

409 4222 734 4299 struebatur,
753 4236 923 4290 neque
943 4221 1290 4285 pugnabatur.
1332 4230 1340 4242 ⁸

551 4302 724 4368 Delph.
746 4308 795 4353 et
820 4302 935 4355 Var.
959 4302 1089 4353 Clas.

1455 4300 1620 4352 Tacit.-

1548 3479 1560 3487 ·
1621 3463 1766 3513 Idem
1791 3462 1897 3509 Dio
1919 3461 2176 3510 memoriae
2207 3459 2486 3534 mandavit,
2525 3461 2612 3523 qui

1449 3552 1460 3563 ·
1551 3539 1782 3590 ostendit
1802 3538 2010 3587 modum
2033 3537 2193 3588 fuisse
2232 3537 2449 3601 augurii,
2488 3544 2546 3587 ut
2569 3538 2615 3605 si

1552 3617 1704 3665 Deus
1729 3613 2017 3677 permittat,
2054 3613 2266 3660 salutem
2290 3611 2479 3674 populo
2497 3627 2615 3676 pos·

1556 3697 1679 3740 eant
1710 3702 1949 3752 augures,
1985 3689 2128 3752 quasi
2163 3690 2228 3735 n'e
2264 3687 2482 3736 salutem
2506 3687 2617 3750 qui-

1547 3766 1673 3814 ·dem
1707 3771 1891 3828 ‘petere
1914 3781 1945 3814 a
1965 3765 2082 3814 Diis
2117 3763 2199 3817 fas
2221 3763 2308 3827 sit,
2341 3763 2436 3811 nisi
2471 3764 2614 3828 prius

1556 3841 1650 3890 Dii
1672 3840 2040 3889 concesserint.
2259 3844 2266 3863 ²
2345 3854 2351 3859 ’
2431 3861 2438 3866 ·

1551 3942 1576 3950 -
1622 3916 1848 3968 Quintus
1877 3915 2125 3964 Ciceroni
2150 3916 2189 3964 l.
2210 3929 2248 3964 1.
2285 3914 2355 3962 de
2381 3914 2617 3965 Divinat-

1555 4004 1574 4028 ⁶
1596 3992 1708 4041 'I‘ibi
1733 3993 1796 4042 P.
1824 3991 2071 4041 Claudius
2109 3991 2304 4040 consuli
2343 3990 2620 4052 nuntiavit,

1558 4067 1866 4119 addubitato
1917 4068 2112 4117 salutis
2139 4066 2373 4129 augurio,
2427 4065 2621 4115 bellum

1560 4144 1898 4195 domesticum
1938 4143 2126 4204 triste,·
2145 4148 2220 4190 ‘ac
2266 4140 2620 4191 turbulentum

1557 4216 1712 4270 fore:
1748 4217 1896 4285 quod
1910 4217 2087 4283 paucis
2110 4222 2231 4281 post
2252 4215 2509 4265 mensibus
2532 4227 2621 4263 ex·
