3100 4925
460 372 612 430 J.‚C.,
628 370 732 434 δῇ]

1178 360 1593 410 ANNALIUM
1642 359 1805 410 1213..
1834 358 2011 410 xlll.

2485 344 2664 417 {1511

463 510 757 578 miscuas
787 514 856 572 et
898 525 1098 594 pares
1122 524 1298 574 esse.
1384 501 1837 591 Tribuendum
1883 501 2156 587 aliquod
2206 497 2461 591 telumf⁴
2482 503 2661 588 quod

466 611 685 694 sperni
722 615 1030 692 nequeat.

1135 606 1285 671 Nec
1315 625 1515 689 grave
1542 604 1973 682 nanumissis‚
2001 625 2120 690 per
2148 602 2323 668 idem
2350 606 2663 691 obsequi-

464 719 606 774 umg
633 711 951 775 retinendi
991 712 1388 787 libertatem,
1420 729 1538 793 per
1582 707 1762 790 quod
1813 709 2099 771 assecuti
2149 707 2331 770 sint'
2386 704 2507 772 ΑΗ
2535 707 2662 772 cri-

464 908 593 943 esse.
677 891 1083 945 concedendum
1101 892 1414 957 patronisjus
1433 892 1536 1005 aug

465 959 653 1007 lustum
692 974 788 1008 esse
810 959 974 1008 debere
1012 958 1233 1019 libertis,
1311 973 1369 1007 er
1405 971 1501 1006 ean

1537 891 1639 940 uod
1665 889 1804 956 quod
1828 888 1989 938 temni
2021 902 2124 938 non
2154 887 2332 952 possit.
2403 888 2519 939 Nec
2554 903 2662 939 mo—

1540 971 1622 1006 em
1662 954 2009 1005 reverentiam
2048 954 2187 1002 tueri
2219 954 2537 1016 libertatem,
2565 967 2663 1018 per

463 1037 615 1087 quam
638 1038 740 1072 eam
762 1024 943 1087 adepti
967 1024 1087 1072 sint.
1154 1022 1229 1072 At
1286 1021 1549 1072 acinorum
1581 1026 1894 1084 compertos,
1906 1020 2030 1082 jure
2062 1018 2116 1066 in
2137 1018 2440 1067 servitutem
2474 1019 2661 1068 iterum

1386 1142 1472 1162 ΝΟ
1476 1140 1706 1160 ‘NCM‘
1712 1140 1738 1160 Ι

527 1229 558 1273 7
590 1224 676 1275 Sic
700 1227 945 1276 Ernestus
968 1241 1033 1274 ex
1053 1227 1184 1276 Mss.
1210 1225 1348 1276 Flor.
1374 1224 1556 1277 Guelf.
1580 1232 1636 1275 et
1658 1224 1885 1275 editione
1906 1220 2159 1287 principe.
2211 1219 2314 1271 ΜΒ.
2331 1197 2462 1286 Reg.
2479 1221 2535 1271 et
2556 1221 2660 1273 Pu-

466 1289 723 1354 teolanuS,
752 1307 823 1339 ac.

1458 1402 1505 1451 N
1516 1401 1671 1452 0¹1·AE

530 1512 718 1577 Itaque
755 1512 935 1561 istbaec
955 1509 1233 1575 ἑπεξῆγησιὲ
1264 1512 1340 1561 ita
1360 1513 1522 1576 expli-

466 1588 632 1638 canda
655 1595 765 1638 est:
799 1589 1096 1639 centesimum
1132 1593 1260 1639 ultro
1300 1590 1522 1653 lapidem,

463 1671 607 1731 puta,
641 1664 693 1712 in
723 1679 852 1712 oram
880 1665 1182 1729 Campaniae.-
1217 1666 1364 1714 verbi
1406 1679 1522 1728 gra-

465 1740 554 1802 tia,
593 1740 643 1788 in
684 1755 814 1789 oram
862 1741 1163 1804 Camponioe:
1199 1755 1314 1806 quae
1371 1754 1522 1803 poena

467 1826 659 1879 quanta
689 1816 773 1879 sit,
793 1831 860 1865 ex
896 1831 958 1865 eo
1000 1832 1181 1866 noscas
1216 1817 1361 1877 licet,
1385 1817 1520 1882 quod

464 1892 671 1959 profugi
717 1894 928 1943 delicati
971 1895 1022 1943 in
1045 1895 1331 1960 Campania
1364 1894 1526 1943 subsi-

463 1968 590 2019 dere
608 1977 842 2033 possunt,
855 1977 909 2020 et
929 1970 1275 2021 subsederunt
1288 1971 1524 2035 quidam3

462 2062 581 2096 nam
620 2053 675 2097 et
711 2062 801 2097 ora
826 2049 1122 2111 Campaniae
1144 2050 1281 2097 ultra
1303 2047 1524 2098 centesi-

463 2139 600 2173 mum
624 2131 724 2174 est.
761 2124 1038 2175 Gronovius.

528 2200 743 2248 Frustra
785 2205 1042 2264 reponunt
1070 2200 1372 2249 centesimum
1409 2199 1526 2263 lapi-

463 2276 606 2333 dem,·
640 2289 759 2323 nam
783 2274 827 2323 si
848 2275 900 2324 id
923 2282 1118 2325 temere
1141 2276 1313 2338 licet,
1290 2290 1398 2339 jam
1422 2291 1522 2325 non

459 2350 678 2399 Tacitus
723 2349 843 2413 erit,
886 2352 978 2400 sed
1027 2358 1304 2402 ostentum.
1367 2352 1525 2415 Puto,

463 2440 566 2475 non
607 2426 690 2491 agi
725 2425 797 2475 ibi
844 2425 910 2476 de
954 2427 1269 2491 relegatione
1314 2427 1524 2491 proprie

465 2509 650 2567 sumta,
674 2505 816 2554 velut
848 2505 900 2553 in
924 2505 1156 2555 crimine.
1225 2506 1403 2554 Innuit
1424 2504 1525 2554 Ta-

464 2580 597 2630 citus
621 2579 780 2630 fuisse
819 2580 1035 2630 libertos
1066 2587 1263 2630 amotos
1294 2581 1443 2642 urbe,
1470 2586 1526 2630 et

459 2656 752 2721 prohibitos
788 2663 1003 2720 aspectu
1034 2663 1090 2705 et
1113 2656 1264 2705 domo
1305 2657 1526 2721 patroni,

466 2738 520 2781 et
545 2733 752 2782 duriore
770 2732 914 2781 victu
949 2739 1039 2781 aut
1060 2732 1237 2781 labore
1257 2732 1525 2782 divexatos

455 2800 519 2858 ‘et
543 2808 818 2872 coelrcitos,
840 2809 974 2873 quod
999 2809 1160 2858 instar
1184 2808 1525 2859 damnationis

454 2877 583 2944 'fuit‚
607 2890 662 2932 et
684 2882 844 2932 fuisse
877 2885 1076 2947 ejectos
1112 2885 1265 2934 modo
1304 2886 1526 2950 longius,

463 2958 616 3007 modo
637 2959 847 3022 propius
869 2974 883 3019 ;
918 2965 974 3007 et
992 2974 1086 3023 pro
1115 2960 1325 3010 arbitrio
1350 2969 1523 3025 patro-

465 3034 534 3095 ni,
556 3034 607 3082 in
630 3049 976 3099 quascumque
1001 3049 1114 3083 oras
1131 3036 1449 3087 amandatos.

531 3111 803 3162 Leviorem
842 3126 1068 3176 poenam,
1095 3110 1320 3176 exempli
1355 3128 1527 3177 causa,

467 3183 623 3236 affert
637 3186 848 3236 Tacitus
897 3187 999 3248 hic,
1040 3194 1096 3237 et
1150 3203 1257 3237 rem
1302 3190 1524 3239 oratorio

463 3265 600 3327 stylo
621 3263 823 3314 minuit.
873 3265 1040 3316 Quam
1065 3278 1269 3327 poenam
1297 3271 1437 3314 certe
1471 3273 1527 3315 et

464 3341 630 3391 severi
653 3346 828 3404 patres
852 3342 1156 3405 quandoque
1179 3341 1528 3391 decernebant

466 3416 711 3466 adversus
734 3416 866 3466 filios
886 3422 1236 3480 contumaces,
1258 3417 1347 3466 sed
1372 3432 1526 3482 prop-

467 3501 611 3543 terea
633 3493 926 3543 acerbiores
950 3493 1296 3556 relegationes
1319 3507 1417 3542 non
1441 3509 1528 3542 ex-

459 3567 631 3620 ‘cludit
649 3569 878 3619 Tacitus.

536 3644 832 3707 Camponioe]
870 3644 1002 3693 Vide
1025 3650 1171 3694 notas
1193 3645 1227 3694 l.
1249 3659 1327 3695 vr.
1343 3660 1391 3695 c.
1417 3649 1463 3694 1.

456 3710 464 3715 ’
531 3726 553 3751 ⁰
585 3720 831 3769 Libertum
877 3719 1077 3782 releget]
1144 3718 1527 3770 Paterfamilias

468 3795 675 3846 videtur
694 3797 935 3846 habuisse
959 3798 1272 3860 potestatem
1297 3798 1527 3862 relegan-

468 3872 522 3920 di
562 3888 792 3935 uxorem,
814 3871 993 3934 filium,
1016 3879 1070 3922 et
1103 3874 1331 3923 libertos.
1395 3870 1525 3923 Ter·

468 3947 782 3997 tullianus‘l.
819 3962 903 3995 ιιι.
938 3948 954 3974 ‘
979 3949 1226 3998 Nonnulli
1264 3949 1421 3999 etiam
1459 3951 1525 3999 de

467 4023 778 4073 utilitatibus
821 4038 936 4072 cum
968 4024 1085 4074 odio
1123 4026 1225 4074 isto
1261 4026 1526 4099 paciscun-

463 4106 579 4165 tur,
609 4100 842 4150 contenti
885 4099 1091 4164 injuria,
1123 4100 1245 4151 dum
1285 4115 1351 4150 ne
1387 4102 1528 4152 domi

465 4176 691 4229 babeant
706 4175 847 4243 quod
868 4177 1107 4241 oderunt.
1170 4177 1401 4230 Uxorem
1413 4179 1529 4251 jam

1604 1512 1841 1576 pudicam
1864 1511 2225 1576 maritus,jam
2253 1525 2355 1561 non
2379 1513 2663 1576 zelotypus,

1602 1588 1759 1639 filium
1784 1590 2070 1653 subJectum
2101 1595 2252 1651 pater
2284 1583 2427 1637 retro
2464 1590 2663 1652 patiens

1603 1665 1884 1716 abdicavit.
1949 1666 2160 1713 Servum
2189 1664 2301 1727 jam
2334 1663 2560 1730 fidelem,
2575 1666 2664 1715 do·

1601 1741 1768 1790 minus
1793 1741 1913 1790 olim
1935 1740 2074 1789 mitis
2097 1741 2162 1788 ab
2182 1740 2341 1788 oculis
2375 1741 2664 1805 relegavit.'

1619 1841 1624 1846 ·
1667 1815 1825 1879 Puto,
1855 1816 1984 1865 tales
2022 1815 2234 1865 libertos
2272 1817 2578 1879 relegabant
2597 1820 2663 1870 -iu

1602 1905 1695 1941 sua
1726 1891 1944 1954 praedia,
1969 1890 2040 1941 ibi
2075 1892 2192 1940 illos
2230 1893 2461 1955 alebant,
2485 1902 2540 1945 et
2573 1896 2663 1944 ali-

1597 1974 1729 2033 ’quas
1754 1969 1913 2017 etiam
1935 1971 2121 2032 operas
2140 1967 2204 2017 ab
2227 1968 2328 2018 illis
2349 1971 2662 2034 exigebant3

1602 2050 1777 2094 tamen
1801 2046 2103 2095 clementius
2137 2059 2287 2110 quam
2321 2062 2351 2095 a
2373 2047 2553 2111 servis,
2577 2048 2663 2112 qui

1606 2121 1767 2170 vincti
1791 2121 2042 2185 compede
2063 2127 2118 2170 et
2141 2121 2193 2169 in
2219 2122 2513 2184 ergastulis.

1670 2196 1771 2267 Sic·
1795 2196 1915 2246 olim
1946 2195 2173 2246 infensos
2196 2197 2329 2248 filios
2351 2214 2439 2247 rus
2464 2201 2664 2264 relega·

1598 2268 1749 2335 bant,
1785 2287 1883 2321 nec
1915 2271 2054 2321 forte
2100 2272 2210 2322 sine
2253 2274 2427 2338 aliquo
2471 2275 2664 2326 rus‘tico

1605 2362 1765 2413 opere
1802 2348 1888 2399 vel
1911 2363 2039 2398 cura
2072 2350 2123 2398 in
2163 2364 2250 2398 rus
2273 2365 2452 2399 suum:
2486 2350 2665 2416 sicque

1603 2439 1706 2474 non
1765 2425 1968 2490 mirum,
2006 2424 2049 2474 si
2094 2426 2145 2474 iu
2193 2425 2489 2490 Campania&
2525 2442 2666 2478 oram

1607 2500 1735 2550 tales
1759 2502 2019 2565 relegatos
2045 2502 2186 2552 dicat
2202 2502 2432 2565 Tacitus,
2449 2505 2568 2570 quia
2592 2505 2667 2556 ibi

1605 2578 1868 2641 praetoria,
1889 2584 1943 2628 et
1960 2579 2167 2641 praedia
2189 2581 2547 2633 amoenissima.

1670 2655 1741 2703 Et
1779 2655 1896 2717 lege
1930 2652 2066 2704 AElia
2100 2655 2282 2705 Sentia
2320 2664 2546 2722 cautum,
2566 2657 2584 2686 ‘
2607 2665 2670 2709 ut

1605 2729 1648 2777 si
1671 2735 1918 2793 patronus
1942 2731 2184 2781 libertum
2209 2733 2411 2797 inopem
2438 2749 2539 2784 non
2562 2736 2668 2785 alu-

1605 2805 1724 2868 erit,
1758 2815 1863 2853 tam
1899 2805 2032 2869 ipse,
2055 2822 2206 2871 quam
2244 2808 2288 2862 is
2328 2809 2392 2857 ad
2419 2824 2570 2874 quem
2605 2827 2669 2862 ea

1607 2896 1687 2930 res
1730 2881 2034 2944 pertinebit,
2053 2884 2354 2948 mulctetur,
2375 2885 2565 2936 deiude
2592 2889 2669 2953 ip-

1605 2960 1707 3007 sius
1729 2958 2057 3017 haereditate,
2087 2966 2196 3008 tum
2221 2959 2333 3023 ipse
2374 2968 2484 3011 tum
2508 2963 2668 3028 ipsius

1602 3032 1754 3084 liberi
1780 3035 2072 3099 priventur,
2092 3035 2188 3084 nisi
2211 3037 2377 3087 haeres
2398 3039 2668 3091 institutus

1604 3111 1707 3162 sit!
1758 3111 1843 3160 Sic
1867 3110 1911 3160 si
1932 3111 2150 3162 libertus
2174 3112 2263 3163 ille
2282 3115 2544 3179 relegatus
2567 3115 2670 3168 fnit

1606 3187 1769 3247 dives,
1790 3202 1891 3235 non
1927 3202 2047 3237 eum
2085 3189 2227 3237 alere
2267 3192 2546 3241 tenebatur
2577 3207 2670 3256 pa-

1608 3269 1808 3311 tronus·

1671 3335 1695 3367 f
1719 3337 1927 3401 Aliquod
1956 3335 2124 3401 telum]
2161 3341 2524 3407 Metaphorice
2563 3344 2670 3397 dic-

1608 3418 1738 3474 tum,
1764 3428 1859 3475 pro
1900 3414 2115 3463 decreto
2150 3416 2322 3481 aliquo
2351 3422 2534 3484 atroci,
2567 3437 2668 3486 quo

1607 3494 1852 3553 patronus
1887 3504 1943 3538 se
1970 3497 2204 3540 tueretur
2223 3493 2466 3543 adversus
2503 3495 2670 3561 ingra-

1608 3572 1690 3615 tos
1743 3566 1979 3627 libertos,
2027 3583 2126 3631 quo
2172 3567 2408 3619 fraudem
2464 3572 2666 3624 illorum

1608 3640 1800 3691 acriter
1824 3642 2116 3692 vindicaret
2140 3658 2200 3693 ac
2224 3647 2545 3699 retunderet.

1673 3719 1877 3782 Aliquod
1914 3718 2083 3782 telum]
2117 3719 2182 3768 Id
2222 3726 2316 3783 est,
2339 3722 2528 3786 legem,
2550 3737 2667 3788 quae

1606 3795 1861 3858 irrogaret
1882 3796 2190 3860 supplicium
2214 3796 2424 3861 ingratis
2456 3807 2513 3850 et
2534 3800 2668 3850 male

1607 3871 1801 3921 meritis
1823 3872 2046 3934 libertis,
2083 3889 2196 3938 quae
2225 3883 2366 3925 metu
2392 3876 2505 3926 illos
2523 3877 2669 3927 co'elr·

1608 3955 1775 4009 ceret,
1797 3949 1927 3998 etin
1952 3948 2203 4015 obsequio
2227 3951 2534 4002 contineret.

1673 4032 1698 4068 8
1731 4025 1968 4075 Periclem
1985 4026 2278 4091 obsequium]
2312 4027 2672 4091 Liberti,licet

1608 4102 1925 4166 manumissi,
1937 4109 2110 4152 tamen
2129 4116 2314 4167 operas
2337 4104 2536 4168 aliquas
2577 4116 2669 4154 seu

1609 4177 1780 4230 officia
1801 4180 2038 4245 quaedam
2066 4186 2314 4244 praes'tsre
2337 4179 2505 4230 adhuc
2528 4184 2670 4231 teue-
