3100 4925
458 340 514 395 J.
536 342 598 393 c.
623 338 732 405 sa]
2492 297 2664 386 1351

466 477 846 558 Quaestore‚
874 476 1108 553 AEdili,
1135 474 1465 538 Tribuno4
1509 493 1589 537 ac
1639 473 1938 537 Praetore
1966 477 2033 537 et
2057 470 2370 553 Consule,
2397 492 2660 558 paucos

462 579 631 643 intra
660 599 938 654 menses,
965 577 1311 641 defunctis,
1358 576 1531 639 Sed
1512 596 1580 638 m
1608 577 1952 660 praecipuo
1980 594 2227 658 pavore
2250 567 2658 658 Agrippina,

460 683 693 743 vocem
724 674 1045 755 Claudii,¹³
1096 696 1291 761 quam
1335 675 1722 740 temulentus
1762 676 2040 760 jecerat,
2045 681 2075 711 ¹⁷
2119 678 2142 709 ‘
2168 669 2371 740 fatale
2410 673 2560 753 sibi,
2585 680 2671 739 ut

461 781 813 864 conjugum
844 779 1096 862 flagitia
1144 779 1359 855 ferret,
1391 780 1545 844 dein
1573 775 1879 860 puniret,'
1897 781 2215 854 metuenS,
2241 794 2430 859 agere
2457 780 2525 839 et
2549 773 2659 839 ce·—

458 877 661 952 letare
688 882 939 958 statuit,
970 879 1234 963 perdita
1269 881 1455 963 prius
1499 878 1837 944 Domitia*
1880 877 2163 962 Lepida,
2197 868 2664 942 muliebribus5

1161 332 1574 406 muamus!
1621 332 1768 381 nm.
1817 334 1961 382 ιιι.

459 1062 677 1121 mauis,
696 1066 943 1124 quaestore,
962 1062 1109 1125 adili,
1130 1061 1334 1123 tribuno,
1353 1066 1560 1124 pretore
1595 1066 1644 1109 et
1678 1062 1873 1110 consule.
1939 1059 2076 1109 Sed
2057 1074 2107 1108 tn
2128 1073 2308 1108 sunum
2322 1062 2451 1107 mnu
2479 1056 2665 1121 Ago-235·

453 1126 574 1189 pinu
594 1132 708 1174 erat
712 1125 998 1186 ‚formidans
1010 1142 1163 1175 omem
1182 1097 1391 1187 Claudii,
1408 1140 1545 1189 φκιπι
1561 1127 1672 1175 vino
1688 1127 1923 1174 distentus
1939 1124 2176 1184 emiserat,
2194 1122 2323 1172 sibi
2309 1136 2363 1171 ιιι
2384 1121 2507 1171 fatis
2528 1136 2663 1183 esse,

459 1197 520 1240 ut
542 1192 743 1240 scelera
764 1204 982 1242 uxorum
1000 1191 1267 1253 toleraret,
1300 1190 1421 1240 dein
1443 1191 1756 1253 castigaret·
1789 1188 1945 1252 itaque
1965 1202 2106 1251 egere
2121 1192 2170 1238 et
2181 1201 2436 1252 properare
2451 1186 2661 1237 decreuit

1383 1316 1560 1338 ‘Um‘
1563 1316 1706 1336 ‘0000
1710 1317 1739 1335 θ

459 1411 599 1462 tione
634 1420 754 1476 post
786 1414 988 1463 inessent
1021 1414 1096 1464 sic
1128 1412 1289 1464 edidi.
1404 1413 1657 1464 chium—4
1688 1414 1775 1463 Ita
1807 1414 1894 1463 vul
1930 1412 2004 1463 ati
2039 1413 2307 1462 hactenus.
2339 1411 2444 1460 Ma.
2479 1414 2667 1462 meunt

464 1472 685 1540 Tabana,
723 1477 941 1527 Proetore
977 1494 1034 1527 ac
1082 1480 1293 1527 Cannae.
1329 1478 1355 1526 Ι
1395 1492 1476 1526 em
1478 1484 1589 1529 .--5
1624 1478 1707 1528 Ita
1749 1483 1804 1526 et
1850 1493 1879 1526 e
1920 1478 2011 1528 tio
2048 1477 2325 1541 princeps;
2376 1475 2469 1525 sed
2506 1475 2564 1523 in
2597 1487 2669 1526 ea.

460 1541 657 1590 editum
699 1541 970 1590 mulieribtoe
1013 1557 1109 1606 pro
1146 1541 1463 1591 muliebribus.
1529 1543 1659 1591 Mss.
1704 1541 1853 1591 Harl.
1898 1542 2050 1591 Bodl.
2088 1541 2201 1591 Jes.
2236 1546 2292 1588 et
2329 1538 2668 1602 Puteolanus,

467 1605 682 1655 Domina
701 1606 876 1654 levibus
896 1611 944 1653 et
962 1605 1280 1655 muliebribus.
1348 1607 1514 1655 Recte
1550 1622 1583 1654 a
1613 1606 1963 1655 Freinshemio
1994 1611 2049 1653 et
2083 1602 2457 1653 recentioribus
2491 1616 2665 1652 emen-

460 1668 660 1730 datum,
682 1670 899 1720 Domitia
930 1671 1128 1733 Lepida.
1193 1670 1311 1720 Nec
1334 1670 1579 1732 displicet
1601 1670 1790 1734 repeti,
1809 1671 1919 1733 quia
1939 1668 2140 1732 Lepida,
2155 1667 2223 1717 ob
2244 1667 2491 1717 orationis
2514 1666 2663 1715 clari-

467 1739 648 1797 tatem,
668 1749 785 1798 quae
806 1734 962 1783 facile
984 1734 1308 1785 obscuratur.
1347 1734 1558 1784 Brotier.

1447 1844 1661 1897 NOTAE

456 1944 622 1993 ximus
645 1943 851 2006 piacula
871 1945 963 1994 irae
1001 1947 1174 1995 Deum
1209 1943 1516 2008 conquirere

446 2020 623 2083 jussus
666 2026 764 2069 est.
832 2021 1130 2070 Decemviri
1162 2011 1317 2070 libros
1359 2019 1517 2083 inspi-

457 2108 600 2154 cere,
645 2095 836 2144 Consul
894 2095 1145 2159 Apollini,
1205 2095 1516 2160 AEsculapio,

456 2171 624 2220 Saluti
646 2171 783 2220 dona
803 2186 1009 2234 vovere,
1031 2178 1086 2221 et
1109 2173 1233 2221 dare
1257 2173 1408 2237 sigua
1430 2186 1518 2221 au·

457 2255 602 2297 rata:
656 2262 774 2312 quoe
806 2248 948 2298 vovit
992 2248 1278 2313 deditque!
1343 2248 1429 2298 Sic
1462 2254 1518 2297 et

456 2321 557 2371 Dio
599 2322 692 2372 lib.
739 2336 876 2373 κιιι.
938 2323 954 2351 ‘
977 2323 1139 2373 Auxit
1173 2329 1370 2374 metum
1402 2324 1518 2387 ipsa

456 2396 619 2447 forma
641 2398 804 2462 urbis,
823 2415 939 2465 quae
978 2400 1165 2450 misera
1187 2406 1258 2451 et-
1274 2401 1515 2450 insolens.

457 2476 591 2526 Nam
611 2476 862 2526 Kalendis
880 2478 1158 2541 Januariis,
1180 2485 1236 2528 et
1254 2485 1373 2542 post
1386 2481 1515 2529 mul·

457 2557 513 2601 to
538 2559 788 2616 tempore,
802 2555 971 2603 nullus
990 2555 1364 2619 consul,uullus
1380 2570 1515 2619 prae-

458 2626 574 2677 tor!
639 2626 717 2677 At
753 2637 936 2679 contra
968 2631 1023 2678 in
1054 2645 1206 2681 omen
1227 2630 1354 2680 felix
1380 2630 1515 2680 faus-

456 2707 667 2767 tumque
681 2710 954 2768 acceptum
972 2712 1070 2769 est,
1084 2706 1223 2771 quod
1244 2721 1338 2771 per
1350 2713 1516 2757 totum

457 2778 878 2843 quinquennium,
900 2781 1067 2837 nullus
1083 2788 1400 2844 senatorum,
1422 2797 1517 2832 nec

456 2855 855 2916 magistratuum
894 2856 1195 2906 interiisset.
1251 2857 1336 2906 Sic
1375 2856 1515 2906 Plin.

456 2928 549 2980 lib.
586 2943 691 2980 vn.
732 2934 816 2979 48.
892 2935 908 2959 ⁴
932 2929 1200 2982 Annotare
1244 2933 1519 2996 succurrit,

458 3020 615 3055 unum
656 3007 861 3057 omnino
898 3008 1297 3073 quinquennium
1339 3009 1517 3073 fuisse,

459 3095 560 3146 quo
599 3091 802 3132 senator
826 3084 995 3132 nullus
1029 3091 1351 3145 moreretur-3
1396 3100 1514 3134 cum

458 3157 674 3208 Flaccus
699 3164 755 3208 et
775 3157 997 3208 Albinus
1036 3173 1274 3211 censores
1297 3162 1514 3212 lustrum

459 3233 756 3298 condidere,
801 3249 966 3299 usque
1002 3235 1068 3284 ad
1097 3235 1365 3298 proximos
1398 3251 1517 3288 cen-

458 3326 634 3374 sores;
683 3314 747 3362 ab
774 3329 906 3362 anno
929 3314 1084 3364 Urbis
1107 3314 1516 3439 quingentesimo

456 3391 837 3454 septuagesimo
854 3392 1024 3440 nono!

521 3463 625 3514 Sed
648 3465 785 3513 inter
806 3464 1044 3529 prodigia
1063 3471 1119 3515 et
1150 3469 1353 3515 ostenta
1375 3479 1514 3515 max-

455 3534 561 3589 ime
605 3540 951 3590 exhorrebant
994 3547 1214 3590 mortem
1256 3542 1515 3604 Censoris,

460 3621 595 3666 teste
618 3617 922 3666 Plutarcho.
971 3617 1248 3680 Praecipue
1270 3616 1407 3666 enim
1430 3632 1513 3667 co-

456 3693 571 3743 lunt
594 3692 832 3755 Romani,
861 3698 1269 3757 veneranturque
1286 3692 1518 3757 inprimis

458 3769 740 3838 Censorum
779 3769 1150 3832 magistratum,
1193 3775 1248 3818 et
1298 3770 1517 3820 maxime

460 3858 660 3900 sacram
685 3849 872 3906 putant
892 3859 1005 3894 eam
1031 3845 1353 3907 dignitatem.

525 3926 549 3952 ¹¹
590 3920 757 3970 Vocem
778 3920 991 3983 Claudii]
1042 3922 1128 3969 De
1166 3935 1267 3985 qua
1304 3922 1516 3972 Sueten.

459 3994 647 4063 Claud.
691 4000 776 4048 43.
838 3996 855 4023 ‘
879 3996 986 4046 Sub
1029 3997 1176 4047 exitu
1213 3997 1333 4048 vitre
1373 3997 1521 4061 signa

460 4071 695 4135 quaedam
731 4085 829 4123 nec
866 4073 1417 4137 obscura·poeniteutis
1451 4073 1519 4126 de

459 4147 789 4201 matrimonio
807 4147 1132 4214 Agrippinae,
1162 4149 1328 4218 deque
1351 4150 1519 4203 Nero-

1596 1942 1676 1992 nis
1737 1941 2015 2006 adoptione
2078 1938 2315 1989 dederat.
2390 1889 2665 2002 Siquidem
2698 1955 2707 1968 .

1597 2016 2114 2068 commemorantibus
2129 2013 2347 2076 libertis,
2365 2026 2427 2062 ac
2442 2010 2665 2063 laudan·

1598 2095 1735 2145 tibus
1767 2095 2134 2159 cognitionem,
2165 2107 2270 2159 qua
2302 2091 2467 2155 pridie
2501 2099 2662 2155 quw-

1597 2171 1714 2219 dam
1758 2170 1999 2221 adulterii
2037 2184 2179 2221 ream
2206 2167 2665 2228 condemnaverat.

1597 2248 1692 2297 sibi
1712 2262 1915 2312 quoque
1936 2247 1991 2295 in
2008 2245 2132 2295 fatis
2151 2259 2264 2293 esse
2284 2242 2531 2307 jactavit,
2544 2256 2658 2294 0111·

1598 2323 1684 2383 nia
1704 2322 1984 2385 impudica,
2004 2320 2098 2371 sed
2130 2333 2234 2369 non
2271 2318 2525 2381 impunita
2550 2331 2665 2368 ma·-

1598 2395 1872 2447 trimoniass

1661 2475 1874 2531 Quam
1908 2470 2403 2534 temulentus-iecerat]
2455 2470 2562 2521 Dio
2581 2470 2663 2520 sie

1594 2552 1685 2602 lib.
1707 2565 1798 2603 Lx.
1855 2551 1871 2579 ‘
1888 2551 2118 2602 Maxime
2148 2558 2319 2601 autem
2350 2547 2665 2600 insidiaban-

1597 2636 1682 2679 tur
1704 2631 1773 2692 ei,
1809 2630 2021 2694 (nempe
2058 2629 2299 2678 mulieres
2334 2616 2663 2691 libertiquess‘)

1597 2706 1651 2756 in
1680 2704 2152 2770 compotationibus
2173 2704 2303 2753 etin
2335 2717 2392 2751 re
2413 2708 2661 2763 venerea,

1598 2781 1786 2846 quibus
1807 2781 2043 2845 utrisque
2065 2779 2337 2831 immodice
2359 2776 2585 2839 deditus,
2598 2781 2661 2826 et

1596 2865 1707 2908 tum
1740 2859 1988 2922 temporis
2022 2856 2269 2907 facillime
2299 2851 2665 2905 circumveniri

1596 2933 1841 3000 poterat!

1660 3018 1694 3043 w
1729 3010 1932 3061 Perdita
1946 3008 2085 3074 prius
2100 3005 2343 3070 Domitia]
2359 3004 2659 3057 Nemetum

1593 3086 1955 3152 inconspectus
1988 3086 2041 3134 in
2072 3083 2315 3149 legendo,
2351 3080 2443 3146 qui
2472 3078 2659 3129 vitium

1594 3176 1698 3212 non
1718 3162 1897 3212 videat
1920 3161 2054 3211 male
2084 3157 2335 3209 haerentis
2363 3163 2419 3207 et
2441 3155 2658 3211 incuibi-

1595 3240 1663 3288 lis
1695 3238 1962 3288 orationis.
2002 3234 2282 3298 ·Domitia,
2319 3232 2504 3297 inquit,
2536 3245 2657 3295 pere

1598 3316 1714 3365 dita
1734 3314 1846 3365 est:
1881 3318 1938 3363 et
1952 3310 2300 3377 subdit,quasi
2315 3308 2380 3359 de
2401 3308 2521 3372 alia,
2535 3306 2657 3372 quia

1595 3392 1736 3440 inter
1757 3389 2010 3454 Lepidam
2042 3393 2097 3436 et
2129 3385 2474 3452 Agrippinam
2497 3394 2657 3435 mmu-

1595 3467 1723 3515 latio
1755 3463 2122 3515 exercebatur.
2188 3462 2403 3524 Coi-rige
2431 3470 2579 3521 vero,
2597 3462 2659 3511 et

1597 3543 1760 3594 reduc
1800 3541 2127 3592 aberrantem
2182 3551 2395 3589 vocem:
2450 3534 2659 3587 Pataita
2714 3546 2721 3552 ·

1590 3621 1727 3685 prius
1761 3618 1979 3670 Domitia
2012 3617 2196 3679 Lepida
2225 3612 2405 3663 levibus
2423 3616 2472 3663 et
2489 3608 2658 3663 musea

1598 3696 1756 3746 bribia
1772 3695 1965 3747 mh.-
1995 3693 2107 3757 quia
2125 3693 2304 3741 minore
2338 3687 2552 3739 Antonia
2566 3701 2654 3752 ee-

1596 3772 1719 3821 nita.

1661 3849 1878 3899 Scilicet
1914 3847 2011 3898 Cu.
2052 3843 2286 3897 Domitio
2327 3842 2456 3897 duas
2497 3840 2658 3893 fnisse

1597 3924 1749 3988 filias,
1763 3939 1975 3990 quarum
1993 3930 2209 3988 utraque
2227 3921 2462 3988 Domitia
2484 3921 2661 3984 gentis

1597 4002 1803 4052 nomine
1825 4001 1997 4051 dicta:
2032 3999 2127 4051 sed
2141 3998 2324 4061 minor,
2345 3997 2412 4048 de
2427 4010 2532 4062 qua
2545 3995 2658 4057 bic,

1598 4076 1987 4129 discriminandi
2043 4090 2218 4138 causa,
2269 4089 2404 4127 cum·
2443 4070 2657 4139 Lepidm

1599 4154 1923 4225 cognomine.
2000 4154 2087 4209 Es
2148 4164 2288 4205 nune
2327 4149 2403 4204 nd·
2434 4153 2657 4217 motte—
