<?xml version="1.0" encoding="UTF-8"?>
<!DOCTYPE html PUBLIC "-//W3C//DTD XHTML 1.0 Transitional//EN"
    "http://www.w3.org/TR/xhtml1/DTD/xhtml1-transitional.dtd">
<html xmlns="http://www.w3.org/1999/xhtml" xml:lang="en" lang="en">
 <head>
  <title>
</title>
<meta http-equiv="Content-Type" content="text/html;charset=utf-8" />
  <meta name='ocr-system' content='tesseract 3.04.00' />
  <meta name='ocr-capabilities' content='ocr_page ocr_carea ocr_par ocr_line ocrx_word'/>
</head>
<body>
  <div class='ocr_page' id='page_1' title='image "./operaomnia05unkngoog/operaomnia05unkngoog_0301.png"; bbox 0 0 3100 4925; ppageno 0'>
   <div class='ocr_carea' id='block_1_1' title="bbox 386 409 695 478">
    <p class='ocr_par' dir='ltr' id='par_1_1' title="bbox 386 409 695 478">
     <span class='ocr_line' id='line_1_1' title="bbox 386 409 695 478; baseline -0.013 0"><span class='ocrx_word' id='word_1_1' title='bbox 386 411 527 478; x_wconf 49' lang='lat'>‚1020-</span> <span class='ocrx_word' id='word_1_2' title='bbox 548 409 660 475; x_wconf 63' lang='lat'>1⁸⁵2]</span> <span class='ocrx_word' id='word_1_3' title='bbox 685 441 695 474; x_wconf 56' lang='grc' dir='ltr'>ι</span> 
     </span>
    </p>
   </div>
   <div class='ocr_carea' id='block_1_2' title="bbox 1078 403 1684 460">
    <p class='ocr_par' dir='ltr' id='par_1_2' title="bbox 1078 403 1684 460">
     <span class='ocr_line' id='line_1_2' title="bbox 1078 403 1684 460; baseline -0.008 -2"><span class='ocrx_word' id='word_1_4' title='bbox 1078 403 1488 460; x_wconf 60' lang='lat' dir='ltr'>autunum</span> <span class='ocrx_word' id='word_1_5' title='bbox 1537 404 1684 454; x_wconf 65' lang='lat' dir='ltr'>mn.</span> 
     </span>
    </p>
   </div>
   <div class='ocr_carea' id='block_1_3' title="bbox 1728 393 2598 461">
    <p class='ocr_par' dir='ltr' id='par_1_3' title="bbox 1728 393 2598 461">
     <span class='ocr_line' id='line_1_3' title="bbox 1728 393 2598 461; baseline 0.007 -6"><span class='ocrx_word' id='word_1_6' title='bbox 1728 406 1906 455; x_wconf 83' lang='lat' dir='ltr'>xm.</span> <span class='ocrx_word' id='word_1_7' title='bbox 2409 393 2598 461; x_wconf 59' lang='lat' dir='ltr'>14ae</span> 
     </span>
    </p>
   </div>
   <div class='ocr_carea' id='block_1_4' title="bbox 1380 588 1606 639">
    <p class='ocr_par' dir='ltr' id='par_1_4' title="bbox 1380 588 1606 639">
     <span class='ocr_line' id='line_1_4' title="bbox 1380 588 1606 639; baseline 0 0"><span class='ocrx_word' id='word_1_8' title='bbox 1380 588 1606 639; x_wconf 76' lang='lat' dir='ltr'>No&#39;rAE</span> 
     </span>
    </p>
   </div>
   <div class='ocr_carea' id='block_1_5' title="bbox 389 728 1459 3904">
    <p class='ocr_par' dir='ltr' id='par_1_5' title="bbox 393 728 1455 1111">
     <span class='ocr_line' id='line_1_5' title="bbox 396 728 1451 799; baseline -0.001 -12"><span class='ocrx_word' id='word_1_9' title='bbox 396 728 613 787; x_wconf 82' lang='lat' dir='ltr'>Lucullo</span> <span class='ocrx_word' id='word_1_10' title='bbox 637 731 912 785; x_wconf 79' lang='lat' dir='ltr'>dec‘edeuti</span> <span class='ocrx_word' id='word_1_11' title='bbox 934 750 964 784; x_wconf 94' lang='lat' dir='ltr'>e</span> <span class='ocrx_word' id='word_1_12' title='bbox 995 734 1283 799; x_wconf 84' lang='lat' dir='ltr'>provincia,</span> <span class='ocrx_word' id='word_1_13' title='bbox 1300 737 1451 786; x_wconf 89' lang='lat' dir='ltr'>licto-</span> 
     </span>
     <span class='ocr_line' id='line_1_6' title="bbox 396 813 1453 878; baseline -0.002 -13"><span class='ocrx_word' id='word_1_14' title='bbox 396 829 481 865; x_wconf 84' lang='lat' dir='ltr'>res</span> <span class='ocrx_word' id='word_1_15' title='bbox 513 813 1005 878; x_wconf 75' lang='lat' dir='ltr'>Pompeii,.viridem</span> <span class='ocrx_word' id='word_1_16' title='bbox 1026 815 1230 863; x_wconf 88' lang='lat' dir='ltr'>laurum</span> <span class='ocrx_word' id='word_1_17' title='bbox 1250 816 1453 864; x_wconf 79' lang='lat' dir='ltr'>Luculli</span> 
     </span>
     <span class='ocr_line' id='line_1_7' title="bbox 393 890 1453 951; baseline 0 -12"><span class='ocrx_word' id='word_1_18' title='bbox 393 890 685 951; x_wconf 72' lang='lat' dir='ltr'><strong>lictoribus,</strong></span> <span class='ocrx_word' id='word_1_19' title='bbox 722 896 993 941; x_wconf 81' lang='lat' dir='ltr'><strong>arescente</strong></span> <span class='ocrx_word' id='word_1_20' title='bbox 1046 891 1099 939; x_wconf 89' lang='lat' dir='ltr'>iu</span> <span class='ocrx_word' id='word_1_21' title='bbox 1121 945 1126 950; x_wconf 78' lang='lat'><strong>.</strong></span> <span class='ocrx_word' id='word_1_22' title='bbox 1152 891 1232 939; x_wconf 86' lang='lat' dir='ltr'>via</span> <span class='ocrx_word' id='word_1_23' title='bbox 1277 905 1453 940; x_wconf 87' lang='lat' dir='ltr'>eorum</span> 
     </span>
     <span class='ocr_line' id='line_1_8' title="bbox 395 965 1455 1030; baseline 0.001 -16"><span class='ocrx_word' id='word_1_24' title='bbox 395 966 556 1029; x_wconf 89' lang='lat' dir='ltr'>lauro,</span> <span class='ocrx_word' id='word_1_25' title='bbox 590 965 1025 1030; x_wconf 82' lang='lat' dir='ltr'>suppeditarunt3</span> <span class='ocrx_word' id='word_1_26' title='bbox 1078 967 1156 1016; x_wconf 93' lang='lat' dir='ltr'>ita</span> <span class='ocrx_word' id='word_1_27' title='bbox 1192 974 1252 1017; x_wconf 90' lang='lat' dir='ltr'>ut</span> <span class='ocrx_word' id='word_1_28' title='bbox 1286 966 1455 1017; x_wconf 86' lang='lat' dir='ltr'>fasces</span> 
     </span>
     <span class='ocr_line' id='line_1_9' title="bbox 396 1042 1458 1111; baseline 0.003 -21"><span class='ocrx_word' id='word_1_29' title='bbox 396 1042 667 1111; x_wconf 83' lang='lat' dir='ltr'>utriusque</span> <span class='ocrx_word' id='word_1_30' title='bbox 701 1042 1028 1104; x_wconf 88' lang='lat' dir='ltr'>imperatoris</span> <span class='ocrx_word' id='word_1_31' title='bbox 1065 1043 1264 1093; x_wconf 86' lang='lat' dir='ltr'>laurum</span> <span class='ocrx_word' id='word_1_32' title='bbox 1304 1044 1458 1093; x_wconf 85' lang='lat' dir='ltr'>habe-</span> 
     </span>
    </p>

    <p class='ocr_par' dir='ltr' id='par_1_6' title="bbox 393 1117 1459 1409">
     <span class='ocr_line' id='line_1_10' title="bbox 395 1117 1457 1183; baseline 0.003 -18"><span class='ocrx_word' id='word_1_33' title='bbox 395 1122 532 1179; x_wconf 88' lang='lat' dir='ltr'>rent,</span> <span class='ocrx_word' id='word_1_34' title='bbox 554 1123 691 1166; x_wconf 80' lang='lat' dir='ltr'>teste</span> <span class='ocrx_word' id='word_1_35' title='bbox 712 1117 1016 1169; x_wconf 85' lang='lat' dir='ltr'>Plutarcho.</span> <span class='ocrx_word' id='word_1_36' title='bbox 1079 1119 1185 1168; x_wconf 88' lang='lat' dir='ltr'>Sed</span> <span class='ocrx_word' id='word_1_37' title='bbox 1206 1120 1303 1169; x_wconf 87' lang='lat' dir='ltr'>hoc</span> <span class='ocrx_word' id='word_1_38' title='bbox 1326 1118 1457 1183; x_wconf 84' lang='lat' dir='ltr'>pris-</span> 
     </span>
     <span class='ocr_line' id='line_1_11' title="bbox 397 1193 1459 1258; baseline 0.003 -15"><span class='ocrx_word' id='word_1_39' title='bbox 397 1208 459 1244; x_wconf 87' lang='lat' dir='ltr'>ca</span> <span class='ocrx_word' id='word_1_40' title='bbox 476 1199 532 1243; x_wconf 90' lang='lat' dir='ltr'>et</span> <span class='ocrx_word' id='word_1_41' title='bbox 548 1193 711 1244; x_wconf 86' lang='lat' dir='ltr'>libera</span> <span class='ocrx_word' id='word_1_42' title='bbox 729 1195 1033 1258; x_wconf 87' lang='lat' dir='ltr'>Republica,</span> <span class='ocrx_word' id='word_1_43' title='bbox 1051 1202 1105 1245; x_wconf 89' lang='lat' dir='ltr'>at</span> <span class='ocrx_word' id='word_1_44' title='bbox 1122 1210 1257 1245; x_wconf 90' lang='lat' dir='ltr'>nunc</span> <span class='ocrx_word' id='word_1_45' title='bbox 1276 1197 1429 1256; x_wconf 79' lang='lat' dir='ltr'>aliter</span> <span class='ocrx_word' id='word_1_46' title='bbox 1444 1212 1459 1257; x_wconf 82' lang='lat'>3</span> 
     </span>
     <span class='ocr_line' id='line_1_12' title="bbox 395 1268 1459 1324; baseline 0.004 -5"><span class='ocrx_word' id='word_1_47' title='bbox 395 1277 452 1320; x_wconf 89' lang='lat' dir='ltr'>et</span> <span class='ocrx_word' id='word_1_48' title='bbox 491 1277 598 1320; x_wconf 88' lang='lat' dir='ltr'>tum</span> <span class='ocrx_word' id='word_1_49' title='bbox 634 1268 772 1320; x_wconf 85' lang='lat' dir='ltr'>forte</span> <span class='ocrx_word' id='word_1_50' title='bbox 806 1274 965 1321; x_wconf 79' lang='lat' dir='ltr'>laurea</span> <span class='ocrx_word' id='word_1_51' title='bbox 994 1272 1086 1321; x_wconf 87' lang='lat' dir='ltr'>illa</span> <span class='ocrx_word' id='word_1_52' title='bbox 1112 1271 1329 1324; x_wconf 85' lang='lat' dir='ltr'>fascium</span> <span class='ocrx_word' id='word_1_53' title='bbox 1351 1274 1459 1323; x_wconf 82' lang='lat' dir='ltr'>exi-</span> 
     </span>
     <span class='ocr_line' id='line_1_13' title="bbox 393 1344 887 1409; baseline 0.004 -16"><span class='ocrx_word' id='word_1_54' title='bbox 393 1345 499 1394; x_wconf 88' lang='lat' dir='ltr'>mia</span> <span class='ocrx_word' id='word_1_55' title='bbox 520 1346 742 1409; x_wconf 82' lang='lat' dir='ltr'>principi</span> <span class='ocrx_word' id='word_1_56' title='bbox 767 1344 887 1396; x_wconf 87' lang='lat' dir='ltr'>fuit.</span> 
     </span>
    </p>

    <p class='ocr_par' dir='ltr' id='par_1_7' title="bbox 389 1420 1452 1564">
     <span class='ocr_line' id='line_1_14' title="bbox 407 1420 1452 1483; baseline 0.005 -14"><span class='ocrx_word' id='word_1_57' title='bbox 407 1479 412 1483; x_wconf 41' lang='grc'><em>,</em></span> <span class='ocrx_word' id='word_1_58' title='bbox 462 1422 544 1471; x_wconf 81' lang='lat' dir='ltr'>Sic</span> <span class='ocrx_word' id='word_1_59' title='bbox 569 1420 705 1472; x_wconf 85' lang='lat' dir='ltr'>infra</span> <span class='ocrx_word' id='word_1_60' title='bbox 724 1423 816 1472; x_wconf 92' lang='lat' dir='ltr'>lib</span> <span class='ocrx_word' id='word_1_61' title='bbox 842 1436 935 1472; x_wconf 86' lang='lat' dir='ltr'>xv.</span> <span class='ocrx_word' id='word_1_62' title='bbox 983 1424 1241 1474; x_wconf 84' lang='lat' dir='ltr'>Corbulo:</span> <span class='ocrx_word' id='word_1_63' title='bbox 1276 1429 1291 1454; x_wconf 89' lang='lat'>‘</span> <span class='ocrx_word' id='word_1_64' title='bbox 1316 1424 1452 1475; x_wconf 90' lang='lat' dir='ltr'>ordi-</span> 
     </span>
     <span class='ocr_line' id='line_1_15' title="bbox 389 1490 1451 1564; baseline 0.005 -19"><span class='ocrx_word' id='word_1_65' title='bbox 389 1490 583 1560; x_wconf 66' lang='lat' dir='ltr'>&#39;turque</span> <span class='ocrx_word' id='word_1_66' title='bbox 619 1498 890 1561; x_wconf 85' lang='lat' dir='ltr'>magnifica</span> <span class='ocrx_word' id='word_1_67' title='bbox 924 1500 991 1548; x_wconf 89' lang='lat' dir='ltr'>de</span> <span class='ocrx_word' id='word_1_68' title='bbox 1030 1500 1270 1563; x_wconf 70' lang='lat' dir='ltr'>auspiciis</span> <span class='ocrx_word' id='word_1_69' title='bbox 1290 1501 1451 1564; x_wconf 91' lang='lat' dir='ltr'>impe-</span> 
     </span>
    </p>

    <p class='ocr_par' dir='ltr' id='par_1_8' title="bbox 393 1572 1455 1939">
     <span class='ocr_line' id='line_1_16' title="bbox 396 1572 1453 1644; baseline 0.004 -24"><span class='ocrx_word' id='word_1_70' title='bbox 396 1572 622 1644; x_wconf 87' lang='lat' dir='ltr'>ratoriis,</span> <span class='ocrx_word' id='word_1_71' title='bbox 643 1574 900 1637; x_wconf 83' lang='lat' dir='ltr'>rebusque</span> <span class='ocrx_word' id='word_1_72' title='bbox 922 1588 952 1623; x_wconf 91' lang='lat' dir='ltr'>a</span> <span class='ocrx_word' id='word_1_73' title='bbox 975 1589 1030 1623; x_wconf 87' lang='lat' dir='ltr'>se</span> <span class='ocrx_word' id='word_1_74' title='bbox 1051 1574 1246 1637; x_wconf 67' lang='lat' dir='ltr'>gestis!</span> <span class='ocrx_word' id='word_1_75' title='bbox 1288 1575 1363 1623; x_wconf 91' lang='lat' dir='ltr'>At</span> <span class='ocrx_word' id='word_1_76' title='bbox 1379 1574 1453 1624; x_wconf 88' lang='lat' dir='ltr'>ibi</span> 
     </span>
     <span class='ocr_line' id='line_1_17' title="bbox 393 1646 1453 1714; baseline 0.005 -20.005"><span class='ocrx_word' id='word_1_77' title='bbox 393 1646 602 1710; x_wconf 72' lang='lat' dir='ltr'>auspiciu</span> <span class='ocrx_word' id='word_1_78' title='bbox 622 1647 850 1710; x_wconf 74' lang='lat' dir='ltr'>principis</span> <span class='ocrx_word' id='word_1_79' title='bbox 872 1648 1132 1712; x_wconf 86' lang='lat' dir='ltr'>intelligit,</span> <span class='ocrx_word' id='word_1_80' title='bbox 1155 1664 1268 1714; x_wconf 82' lang='lat' dir='ltr'>quae</span> <span class='ocrx_word' id='word_1_81' title='bbox 1290 1650 1453 1699; x_wconf 77' lang='lat' dir='ltr'>ductui</span> 
     </span>
     <span class='ocr_line' id='line_1_18' title="bbox 396 1723 1455 1788; baseline 0.005 -19"><span class='ocrx_word' id='word_1_82' title='bbox 396 1737 489 1771; x_wconf 84' lang='lat' dir='ltr'>suo</span> <span class='ocrx_word' id='word_1_83' title='bbox 529 1723 762 1787; x_wconf 87' lang='lat' dir='ltr'>opponit,</span> <span class='ocrx_word' id='word_1_84' title='bbox 798 1739 889 1772; x_wconf 89' lang='lat' dir='ltr'>seu</span> <span class='ocrx_word' id='word_1_85' title='bbox 928 1725 1083 1775; x_wconf 88' lang='lat' dir='ltr'>rebus</span> <span class='ocrx_word' id='word_1_86' title='bbox 1122 1741 1152 1774; x_wconf 86' lang='lat' dir='ltr'>a</span> <span class='ocrx_word' id='word_1_87' title='bbox 1187 1741 1266 1779; x_wconf 89' lang='lat' dir='ltr'>se</span> <span class='ocrx_word' id='word_1_88' title='bbox 1278 1725 1455 1788; x_wconf 83' lang='lat' dir='ltr'>gestis.</span> 
     </span>
     <span class='ocr_line' id='line_1_19' title="bbox 393 1796 1455 1863; baseline 0.004 -17"><span class='ocrx_word' id='word_1_89' title='bbox 393 1796 481 1847; x_wconf 91' lang='lat' dir='ltr'>Ita</span> <span class='ocrx_word' id='word_1_90' title='bbox 502 1803 557 1848; x_wconf 89' lang='lat' dir='ltr'>et</span> <span class='ocrx_word' id='word_1_91' title='bbox 578 1798 660 1848; x_wconf 85' lang='lat' dir='ltr'>hic</span> <span class='ocrx_word' id='word_1_92' title='bbox 677 1813 771 1861; x_wconf 89' lang='lat' dir='ltr'>per</span> <span class='ocrx_word' id='word_1_93' title='bbox 780 1798 940 1858; x_wconf 78' lang='lat' dir='ltr'>fasces</span> <span class='ocrx_word' id='word_1_94' title='bbox 954 1800 1279 1863; x_wconf 79' lang='lat' dir='ltr'>imperatorios</span> <span class='ocrx_word' id='word_1_95' title='bbox 1316 1801 1455 1850; x_wconf 86' lang='lat' dir='ltr'>haud</span> 
     </span>
     <span class='ocr_line' id='line_1_20' title="bbox 396 1871 1287 1939; baseline 0.006 -19"><span class='ocrx_word' id='word_1_96' title='bbox 396 1872 556 1921; x_wconf 87' lang='lat' dir='ltr'>dubie</span> <span class='ocrx_word' id='word_1_97' title='bbox 577 1871 743 1923; x_wconf 83' lang='lat' dir='ltr'>fasces</span> <span class='ocrx_word' id='word_1_98' title='bbox 768 1875 1012 1938; x_wconf 88' lang='lat' dir='ltr'>principis</span> <span class='ocrx_word' id='word_1_99' title='bbox 1032 1875 1287 1939; x_wconf 85' lang='lat' dir='ltr'>designat.</span> 
     </span>
    </p>

    <p class='ocr_par' dir='ltr' id='par_1_9' title="bbox 396 1937 1457 2237">
     <span class='ocr_line' id='line_1_21' title="bbox 461 1937 1455 2017; baseline 0.005 -20"><span class='ocrx_word' id='word_1_100' title='bbox 461 1937 537 1998; x_wconf 74' lang='lat' dir='ltr'>Ut</span> <span class='ocrx_word' id='word_1_101' title='bbox 559 1963 640 1998; x_wconf 89' lang='lat' dir='ltr'>res</span> <span class='ocrx_word' id='word_1_102' title='bbox 673 1949 857 1999; x_wconf 83' lang='lat' dir='ltr'>clarius</span> <span class='ocrx_word' id='word_1_103' title='bbox 880 1950 1187 2013; x_wconf 84' lang='lat' dir='ltr'>elucidetur,</span> <span class='ocrx_word' id='word_1_104' title='bbox 1219 1952 1455 2017; x_wconf 82' lang='lat' dir='ltr'>quaedam</span> 
     </span>
     <span class='ocr_line' id='line_1_22' title="bbox 398 2023 1457 2090; baseline 0.007 -18"><span class='ocrx_word' id='word_1_105' title='bbox 398 2023 465 2073; x_wconf 92' lang='lat' dir='ltr'>de</span> <span class='ocrx_word' id='word_1_106' title='bbox 487 2024 773 2087; x_wconf 78' lang='lat' dir='ltr'>lictoribus,</span> <span class='ocrx_word' id='word_1_107' title='bbox 811 2024 1058 2090; x_wconf 85' lang='lat' dir='ltr'>fascibus,</span> <span class='ocrx_word' id='word_1_108' title='bbox 1095 2029 1378 2090; x_wconf 77' lang='lat' dir='ltr'>securibus,</span> <span class='ocrx_word' id='word_1_109' title='bbox 1402 2036 1457 2079; x_wconf 89' lang='lat' dir='ltr'>et</span> 
     </span>
     <span class='ocr_line' id='line_1_23' title="bbox 396 2102 1456 2168; baseline 0.006 -20"><span class='ocrx_word' id='word_1_110' title='bbox 396 2105 577 2149; x_wconf 90' lang='lat' dir='ltr'>cetera</span> <span class='ocrx_word' id='word_1_111' title='bbox 596 2114 787 2164; x_wconf 88' lang='lat' dir='ltr'>pompa</span> <span class='ocrx_word' id='word_1_112' title='bbox 807 2102 1218 2166; x_wconf 68' lang='lat' dir='ltr'>magistratuum,</span> <span class='ocrx_word' id='word_1_113' title='bbox 1237 2118 1297 2153; x_wconf 92' lang='lat' dir='ltr'>ac</span> <span class='ocrx_word' id='word_1_114' title='bbox 1314 2106 1456 2168; x_wconf 86' lang='lat' dir='ltr'>prin-</span> 
     </span>
     <span class='ocr_line' id='line_1_24' title="bbox 397 2174 1144 2237; baseline 0.006 -15"><span class='ocrx_word' id='word_1_115' title='bbox 397 2175 588 2237; x_wconf 84' lang='lat' dir='ltr'>cipum,</span> <span class='ocrx_word' id='word_1_116' title='bbox 608 2175 691 2224; x_wconf 87' lang='lat' dir='ltr'>hic</span> <span class='ocrx_word' id='word_1_117' title='bbox 714 2174 952 2224; x_wconf 87' lang='lat' dir='ltr'>addenda</span> <span class='ocrx_word' id='word_1_118' title='bbox 972 2183 1144 2229; x_wconf 84' lang='lat' dir='ltr'>sunt.</span> 
     </span>
    </p>

    <p class='ocr_par' dir='ltr' id='par_1_10' title="bbox 393 2249 1456 2761">
     <span class='ocr_line' id='line_1_25' title="bbox 458 2249 1456 2316; baseline 0.007 -18"><span class='ocrx_word' id='word_1_119' title='bbox 458 2249 672 2299; x_wconf 68' lang='lat' dir='ltr'>uetares</span> <span class='ocrx_word' id='word_1_120' title='bbox 704 2251 885 2301; x_wconf 85' lang='lat' dir='ltr'>habuit</span> <span class='ocrx_word' id='word_1_121' title='bbox 924 2252 1190 2316; x_wconf 76' lang='lat' dir='ltr'>Romulus,</span> <span class='ocrx_word' id='word_1_122' title='bbox 1226 2261 1282 2305; x_wconf 89' lang='lat' dir='ltr'>et</span> <span class='ocrx_word' id='word_1_123' title='bbox 1318 2255 1456 2305; x_wconf 89' lang='lat' dir='ltr'>haud</span> 
     </span>
     <span class='ocr_line' id='line_1_26' title="bbox 398 2324 1456 2394; baseline 0.007 -20"><span class='ocrx_word' id='word_1_124' title='bbox 398 2324 554 2374; x_wconf 84' lang='lat' dir='ltr'>dubie</span> <span class='ocrx_word' id='word_1_125' title='bbox 572 2325 659 2374; x_wconf 89' lang='lat' dir='ltr'>alii</span> <span class='ocrx_word' id='word_1_126' title='bbox 677 2326 862 2387; x_wconf 81' lang='lat' dir='ltr'><strong>Reges.</strong></span> <span class='ocrx_word' id='word_1_127' title='bbox 888 2326 971 2374; x_wconf 88' lang='lat' dir='ltr'>Illi</span> <span class='ocrx_word' id='word_1_128' title='bbox 990 2341 1019 2374; x_wconf 92' lang='lat' dir='ltr'>e</span> <span class='ocrx_word' id='word_1_129' title='bbox 1039 2328 1198 2376; x_wconf 81' lang='lat' dir='ltr'>servis</span> <span class='ocrx_word' id='word_1_130' title='bbox 1214 2329 1456 2394; x_wconf 68' lang='lat' dir='ltr'>publiciS,</span> 
     </span>
     <span class='ocr_line' id='line_1_27' title="bbox 398 2400 1453 2467; baseline 0.004 -18"><span class='ocrx_word' id='word_1_131' title='bbox 398 2407 488 2450; x_wconf 92' lang='lat' dir='ltr'>aut</span> <span class='ocrx_word' id='word_1_132' title='bbox 525 2414 591 2449; x_wconf 89' lang='lat' dir='ltr'>ex</span> <span class='ocrx_word' id='word_1_133' title='bbox 640 2400 746 2452; x_wconf 62' lang='lat' dir='ltr'>ima</span> <span class='ocrx_word' id='word_1_134' title='bbox 797 2402 948 2464; x_wconf 85' lang='lat' dir='ltr'><strong>plebe</strong></span> <span class='ocrx_word' id='word_1_135' title='bbox 993 2401 1202 2466; x_wconf 89' lang='lat' dir='ltr'>delecti,</span> <span class='ocrx_word' id='word_1_136' title='bbox 1262 2404 1453 2467; x_wconf 88' lang='lat' dir='ltr'>primus</span> 
     </span>
     <span class='ocr_line' id='line_1_28' title="bbox 396 2468 1456 2530; baseline 0.003 -3"><span class='ocrx_word' id='word_1_137' title='bbox 396 2468 666 2527; x_wconf 80' lang='lat' dir='ltr'>Graccbu‘s</span> <span class='ocrx_word' id='word_1_138' title='bbox 686 2474 890 2525; x_wconf 85' lang='lat' dir='ltr'>libertis</span> <span class='ocrx_word' id='word_1_139' title='bbox 912 2477 1016 2526; x_wconf 89' lang='lat' dir='ltr'>suis</span> <span class='ocrx_word' id='word_1_140' title='bbox 1051 2493 1171 2528; x_wconf 86' lang='lat' dir='ltr'>usus</span> <span class='ocrx_word' id='word_1_141' title='bbox 1204 2480 1255 2528; x_wconf 87' lang='lat' dir='ltr'>in</span> <span class='ocrx_word' id='word_1_142' title='bbox 1290 2480 1344 2530; x_wconf 89' lang='lat' dir='ltr'>id</span> <span class='ocrx_word' id='word_1_143' title='bbox 1365 2481 1456 2530; x_wconf 87' lang='lat' dir='ltr'>mi-</span> 
     </span>
     <span class='ocr_line' id='line_1_29' title="bbox 393 2552 1453 2619; baseline 0.004 -17"><span class='ocrx_word' id='word_1_144' title='bbox 393 2552 696 2613; x_wconf 79' lang='lat' dir='ltr'>nisterium3</span> <span class='ocrx_word' id='word_1_145' title='bbox 751 2553 890 2617; x_wconf 90' lang='lat' dir='ltr'>quod</span> <span class='ocrx_word' id='word_1_146' title='bbox 930 2554 1046 2616; x_wconf 84' lang='lat' dir='ltr'>lege</span> <span class='ocrx_word' id='word_1_147' title='bbox 1080 2556 1187 2604; x_wconf 88' lang='lat' dir='ltr'>lata</span> <span class='ocrx_word' id='word_1_148' title='bbox 1216 2556 1453 2619; x_wconf 88' lang='lat' dir='ltr'>prohibu-</span> 
     </span>
     <span class='ocr_line' id='line_1_30' title="bbox 395 2622 1450 2698; baseline 0.004 -19"><span class='ocrx_word' id='word_1_149' title='bbox 395 2625 489 2679; x_wconf 83' lang='lat' dir='ltr'>ere</span> <span class='ocrx_word' id='word_1_150' title='bbox 510 2645 632 2680; x_wconf 86' lang='lat' dir='ltr'>mox</span> <span class='ocrx_word' id='word_1_151' title='bbox 661 2631 954 2694; x_wconf 86' lang='lat' dir='ltr'>Triumviri‚</span> <span class='ocrx_word' id='word_1_152' title='bbox 985 2632 1264 2695; x_wconf 88' lang='lat' dir='ltr'>Antonius,</span> <span class='ocrx_word' id='word_1_153' title='bbox 1295 2622 1450 2698; x_wconf 77' lang='lat' dir='ltr'>Lepi-</span> 
     </span>
     <span class='ocr_line' id='line_1_31' title="bbox 396 2706 933 2761; baseline 0.004 -6"><span class='ocrx_word' id='word_1_154' title='bbox 396 2706 493 2756; x_wconf 81' lang='lat' dir='ltr'>dus</span> <span class='ocrx_word' id='word_1_155' title='bbox 513 2712 568 2756; x_wconf 88' lang='lat' dir='ltr'>et</span> <span class='ocrx_word' id='word_1_156' title='bbox 589 2707 933 2761; x_wconf 80' lang='lat' dir='ltr'>Octavianus.</span> 
     </span>
    </p>

    <p class='ocr_par' dir='ltr' id='par_1_11' title="bbox 392 2781 1459 3752">
     <span class='ocr_line' id='line_1_32' title="bbox 460 2781 1451 2848; baseline 0.002 -16"><span class='ocrx_word' id='word_1_157' title='bbox 460 2781 711 2832; x_wconf 80' lang='lat' dir='ltr'><strong>Attamen</strong></span> <span class='ocrx_word' id='word_1_158' title='bbox 751 2798 816 2832; x_wconf 82' lang='lat' dir='ltr'>ex</span> <span class='ocrx_word' id='word_1_159' title='bbox 840 2784 940 2833; x_wconf 88' lang='lat' dir='ltr'>ima</span> <span class='ocrx_word' id='word_1_160' title='bbox 973 2782 1145 2848; x_wconf 84' lang='lat' dir='ltr'>plebe,</span> <span class='ocrx_word' id='word_1_161' title='bbox 1168 2790 1259 2834; x_wconf 89' lang='lat' dir='ltr'>aut</span> <span class='ocrx_word' id='word_1_162' title='bbox 1291 2784 1451 2834; x_wconf 80' lang='lat' dir='ltr'>etiam</span> 
     </span>
     <span class='ocr_line' id='line_1_33' title="bbox 397 2858 1458 2923; baseline 0.003 -16"><span class='ocrx_word' id='word_1_163' title='bbox 397 2872 462 2908; x_wconf 88' lang='lat' dir='ltr'>ex</span> <span class='ocrx_word' id='word_1_164' title='bbox 486 2859 744 2909; x_wconf 87' lang='lat' dir='ltr'>libertinis</span> <span class='ocrx_word' id='word_1_165' title='bbox 767 2860 981 2923; x_wconf 88' lang='lat' dir='ltr'>delecti,</span> <span class='ocrx_word' id='word_1_166' title='bbox 1005 2858 1141 2923; x_wconf 89' lang='lat' dir='ltr'>quod</span> <span class='ocrx_word' id='word_1_167' title='bbox 1163 2860 1336 2910; x_wconf 87' lang='lat' dir='ltr'>innuit</span> <span class='ocrx_word' id='word_1_168' title='bbox 1354 2861 1458 2910; x_wconf 85' lang='lat' dir='ltr'>Ta·</span> 
     </span>
     <span class='ocr_line' id='line_1_34' title="bbox 395 2931 1459 2998; baseline 0.001 -15"><span class='ocrx_word' id='word_1_169' title='bbox 395 2934 529 2983; x_wconf 91' lang='lat' dir='ltr'>citus</span> <span class='ocrx_word' id='word_1_170' title='bbox 548 2934 640 2995; x_wconf 78' lang='lat' dir='ltr'>lib.</span> <span class='ocrx_word' id='word_1_171' title='bbox 673 2947 801 2983; x_wconf 76' lang='lat'>1111.</span> <span class='ocrx_word' id='word_1_172' title='bbox 834 2939 915 2984; x_wconf 78' lang='lat'>2⁷.</span> <span class='ocrx_word' id='word_1_173' title='bbox 981 2935 997 2963; x_wconf 89' lang='lat'>‘</span> <span class='ocrx_word' id='word_1_174' title='bbox 1024 2931 1232 2998; x_wconf 67' lang='lat' dir='ltr'>Quippe</span> <span class='ocrx_word' id='word_1_175' title='bbox 1251 2938 1360 2984; x_wconf 85' lang='lat' dir='ltr'>late</span> <span class='ocrx_word' id='word_1_176' title='bbox 1381 2934 1459 2983; x_wconf 85' lang='lat' dir='ltr'>fu-</span> 
     </span>
     <span class='ocr_line' id='line_1_35' title="bbox 396 3009 1459 3072; baseline 0 -14"><span class='ocrx_word' id='word_1_177' title='bbox 396 3023 507 3058; x_wconf 88' lang='lat' dir='ltr'>sum</span> <span class='ocrx_word' id='word_1_178' title='bbox 544 3009 599 3058; x_wconf 90' lang='lat' dir='ltr'>id</span> <span class='ocrx_word' id='word_1_179' title='bbox 622 3024 807 3072; x_wconf 81' lang='lat' dir='ltr'>corpus</span> <span class='ocrx_word' id='word_1_180' title='bbox 836 3009 1141 3072; x_wconf 80' lang='lat' dir='ltr'>(libertorum</span> <span class='ocrx_word' id='word_1_181' title='bbox 1164 3024 1255 3058; x_wconf 89' lang='lat' dir='ltr'>seu</span> <span class='ocrx_word' id='word_1_182' title='bbox 1277 3010 1459 3060; x_wconf 78' lang='lat' dir='ltr'>liberti·</span> 
     </span>
     <span class='ocr_line' id='line_1_36' title="bbox 392 3084 1457 3149; baseline 0.001 -16"><span class='ocrx_word' id='word_1_183' title='bbox 392 3084 608 3148; x_wconf 76' lang='lat' dir='ltr'>norum).</span> <span class='ocrx_word' id='word_1_184' title='bbox 628 3086 767 3134; x_wconf 90' lang='lat' dir='ltr'>Hinc</span> <span class='ocrx_word' id='word_1_185' title='bbox 785 3087 1086 3149; x_wconf 84' lang='lat' dir='ltr'>plerumque</span> <span class='ocrx_word' id='word_1_186' title='bbox 1100 3085 1283 3149; x_wconf 88' lang='lat' dir='ltr'>tribus,</span> <span class='ocrx_word' id='word_1_187' title='bbox 1301 3085 1457 3134; x_wconf 86' lang='lat' dir='ltr'>decu·</span> 
     </span>
     <span class='ocr_line' id='line_1_37' title="bbox 393 3157 1454 3221; baseline 0.002 -15"><span class='ocrx_word' id='word_1_188' title='bbox 393 3157 517 3218; x_wconf 89' lang='lat' dir='ltr'>rias,</span> <span class='ocrx_word' id='word_1_189' title='bbox 548 3159 838 3207; x_wconf 80' lang='lat' dir='ltr'>ministeria</span> <span class='ocrx_word' id='word_1_190' title='bbox 870 3159 1251 3221; x_wconf 84' lang='lat' dir='ltr'>magistratibus</span> <span class='ocrx_word' id='word_1_191' title='bbox 1286 3165 1343 3209; x_wconf 93' lang='lat' dir='ltr'>et</span> <span class='ocrx_word' id='word_1_192' title='bbox 1376 3174 1454 3208; x_wconf 89' lang='lat' dir='ltr'>sa-</span> 
     </span>
     <span class='ocr_line' id='line_1_38' title="bbox 394 3234 1453 3296; baseline 0 -13"><span class='ocrx_word' id='word_1_193' title='bbox 394 3234 711 3296; x_wconf 83' lang='lat' dir='ltr'>cerdotibus,</span> <span class='ocrx_word' id='word_1_194' title='bbox 754 3237 988 3284; x_wconf 85' lang='lat' dir='ltr'>cobortes</span> <span class='ocrx_word' id='word_1_195' title='bbox 1022 3234 1182 3283; x_wconf 88' lang='lat' dir='ltr'>etiam</span> <span class='ocrx_word' id='word_1_196' title='bbox 1227 3234 1280 3281; x_wconf 93' lang='lat' dir='ltr'>in</span> <span class='ocrx_word' id='word_1_197' title='bbox 1322 3234 1453 3284; x_wconf 87' lang='lat' dir='ltr'>urbe</span> 
     </span>
     <span class='ocr_line' id='line_1_39' title="bbox 395 3306 1452 3373; baseline -0.001 -15"><span class='ocrx_word' id='word_1_198' title='bbox 395 3309 751 3373; x_wconf 64' lang='lat' dir='ltr'>conscriptas!</span> <span class='ocrx_word' id='word_1_199' title='bbox 840 3309 1087 3359; x_wconf 85' lang='lat' dir='ltr'>Cohortes</span> <span class='ocrx_word' id='word_1_200' title='bbox 1125 3306 1339 3372; x_wconf 82' lang='lat' dir='ltr'>vigilum</span> <span class='ocrx_word' id='word_1_201' title='bbox 1376 3309 1452 3357; x_wconf 90' lang='lat' dir='ltr'>in-</span> 
     </span>
     <span class='ocr_line' id='line_1_40' title="bbox 394 3384 1451 3450; baseline 0.001 -16"><span class='ocrx_word' id='word_1_202' title='bbox 394 3386 604 3450; x_wconf 83' lang='lat' dir='ltr'>telligit,</span> <span class='ocrx_word' id='word_1_203' title='bbox 616 3402 704 3435; x_wconf 89' lang='lat' dir='ltr'>seu</span> <span class='ocrx_word' id='word_1_204' title='bbox 723 3387 861 3450; x_wconf 89' lang='lat' dir='ltr'>ipsas</span> <span class='ocrx_word' id='word_1_205' title='bbox 874 3387 1050 3446; x_wconf 88' lang='lat' dir='ltr'>etiam,</span> <span class='ocrx_word' id='word_1_206' title='bbox 1068 3400 1183 3449; x_wconf 80' lang='lat' dir='ltr'>quse</span> <span class='ocrx_word' id='word_1_207' title='bbox 1199 3384 1451 3447; x_wconf 81' lang='lat' dir='ltr'>praefecto</span> 
     </span>
     <span class='ocr_line' id='line_1_41' title="bbox 394 3460 1452 3523; baseline 0.001 -13"><span class='ocrx_word' id='word_1_208' title='bbox 394 3460 537 3511; x_wconf 88' lang='lat' dir='ltr'>urbis</span> <span class='ocrx_word' id='word_1_209' title='bbox 573 3462 900 3511; x_wconf 82' lang='lat' dir='ltr'><strong>obediebant.</strong></span> <span class='ocrx_word' id='word_1_210' title='bbox 977 3462 1047 3510; x_wconf 93' lang='lat' dir='ltr'>Et</span> <span class='ocrx_word' id='word_1_211' title='bbox 1070 3476 1100 3511; x_wconf 90' lang='lat' dir='ltr'>e</span> <span class='ocrx_word' id='word_1_212' title='bbox 1124 3460 1287 3510; x_wconf 87' lang='lat' dir='ltr'>servis</span> <span class='ocrx_word' id='word_1_213' title='bbox 1324 3460 1452 3523; x_wconf 88' lang='lat' dir='ltr'>pub·</span> 
     </span>
     <span class='ocr_line' id='line_1_42' title="bbox 392 3536 1454 3602; baseline 0 -17"><span class='ocrx_word' id='word_1_214' title='bbox 392 3536 527 3599; x_wconf 90' lang='lat' dir='ltr'>licis,</span> <span class='ocrx_word' id='word_1_215' title='bbox 546 3552 648 3586; x_wconf 86' lang='lat' dir='ltr'>non</span> <span class='ocrx_word' id='word_1_216' title='bbox 672 3552 701 3586; x_wconf 91' lang='lat' dir='ltr'>e</span> <span class='ocrx_word' id='word_1_217' title='bbox 725 3537 946 3602; x_wconf 82' lang='lat' dir='ltr'>propriis</span> <span class='ocrx_word' id='word_1_218' title='bbox 970 3551 1060 3586; x_wconf 88' lang='lat' dir='ltr'>seu</span> <span class='ocrx_word' id='word_1_219' title='bbox 1085 3537 1300 3600; x_wconf 87' lang='lat' dir='ltr'>privatis</span> <span class='ocrx_word' id='word_1_220' title='bbox 1322 3536 1454 3585; x_wconf 90' lang='lat' dir='ltr'>sumi</span> 
     </span>
     <span class='ocr_line' id='line_1_43' title="bbox 393 3611 1453 3677; baseline 0 -15"><span class='ocrx_word' id='word_1_221' title='bbox 393 3611 690 3662; x_wconf 87' lang='lat' dir='ltr'>debuerunt</span> <span class='ocrx_word' id='word_1_222' title='bbox 726 3614 958 3676; x_wconf 79' lang='lat' dir='ltr'>lictores,</span> <span class='ocrx_word' id='word_1_223' title='bbox 1000 3613 1190 3677; x_wconf 87' lang='lat' dir='ltr'>aliique</span> <span class='ocrx_word' id='word_1_224' title='bbox 1232 3612 1453 3662; x_wconf 87' lang='lat' dir='ltr'>ministri</span> 
     </span>
     <span class='ocr_line' id='line_1_44' title="bbox 395 3687 609 3752; baseline -0.005 -16"><span class='ocrx_word' id='word_1_225' title='bbox 395 3687 609 3752; x_wconf 85' lang='lat' dir='ltr'>publici.</span> 
     </span>
    </p>

    <p class='ocr_par' dir='ltr' id='par_1_12' title="bbox 397 3744 1457 3904">
     <span class='ocr_line' id='line_1_45' title="bbox 459 3744 1457 3827; baseline 0.003 -16"><span class='ocrx_word' id='word_1_226' title='bbox 459 3762 691 3813; x_wconf 86' lang='lat' dir='ltr'>Lictores</span> <span class='ocrx_word' id='word_1_227' title='bbox 729 3744 1017 3814; x_wconf 77' lang='lat' dir='ltr'>habueruut</span> <span class='ocrx_word' id='word_1_228' title='bbox 1040 3765 1123 3826; x_wconf 75' lang='lat' dir='ltr'>jus</span> <span class='ocrx_word' id='word_1_229' title='bbox 1155 3770 1295 3827; x_wconf 62' lang='grc' dir='ltr'><strong><em>εοεαε,</em></strong></span> <span class='ocrx_word' id='word_1_230' title='bbox 1319 3764 1457 3814; x_wconf 85' lang='lat' dir='ltr'>ideo·</span> 
     </span>
     <span class='ocr_line' id='line_1_46' title="bbox 397 3838 1458 3904; baseline 0.001 -16"><span class='ocrx_word' id='word_1_231' title='bbox 397 3853 495 3903; x_wconf 89' lang='lat' dir='ltr'>que</span> <span class='ocrx_word' id='word_1_232' title='bbox 519 3845 574 3889; x_wconf 94' lang='lat' dir='ltr'>et</span> <span class='ocrx_word' id='word_1_233' title='bbox 612 3838 766 3889; x_wconf 89' lang='lat' dir='ltr'>liberi</span> <span class='ocrx_word' id='word_1_234' title='bbox 802 3847 857 3889; x_wconf 90' lang='lat' dir='ltr'>et</span> <span class='ocrx_word' id='word_1_235' title='bbox 893 3841 1056 3891; x_wconf 87' lang='lat' dir='ltr'>cives</span> <span class='ocrx_word' id='word_1_236' title='bbox 1117 3842 1313 3899; x_wconf 72' lang='lat' dir='ltr'>Tamen</span> <span class='ocrx_word' id='word_1_237' title='bbox 1338 3855 1458 3904; x_wconf 87' lang='lat' dir='ltr'>pau-</span> 
     </span>
    </p>
   </div>
   <div class='ocr_carea' id='block_1_6' title="bbox 331 3914 1452 3966">
    <p class='ocr_par' dir='ltr' id='par_1_13' title="bbox 331 3914 1452 3966">
     <span class='ocr_line' id='line_1_47' title="bbox 331 3914 1452 3966; baseline 0.002 -3"><span class='ocrx_word' id='word_1_238' title='bbox 331 3940 334 3947; x_wconf 54' lang='lat'>1</span> <span class='ocrx_word' id='word_1_239' title='bbox 393 3914 539 3966; x_wconf 87' lang='lat' dir='ltr'>latim</span> <span class='ocrx_word' id='word_1_240' title='bbox 574 3931 604 3965; x_wconf 93' lang='lat' dir='ltr'>e</span> <span class='ocrx_word' id='word_1_241' title='bbox 653 3917 757 3965; x_wconf 87' lang='lat' dir='ltr'>suis</span> <span class='ocrx_word' id='word_1_242' title='bbox 792 3916 991 3966; x_wconf 88' lang='lat' dir='ltr'>libertis</span> <span class='ocrx_word' id='word_1_243' title='bbox 1030 3921 1119 3965; x_wconf 88' lang='lat' dir='ltr'>aut</span> <span class='ocrx_word' id='word_1_244' title='bbox 1157 3915 1319 3964; x_wconf 85' lang='lat' dir='ltr'>servis</span> <span class='ocrx_word' id='word_1_245' title='bbox 1364 3929 1452 3965; x_wconf 89' lang='lat' dir='ltr'>eos</span> 
     </span>
    </p>
   </div>
   <div class='ocr_carea' id='block_1_7' title="bbox 393 3990 1452 4135">
    <p class='ocr_par' dir='ltr' id='par_1_14' title="bbox 393 3990 1452 4135">
     <span class='ocr_line' id='line_1_48' title="bbox 395 3990 1452 4056; baseline -0.001 -16"><span class='ocrx_word' id='word_1_246' title='bbox 395 3990 685 4055; x_wconf 75' lang='lat' dir='ltr'>sumebant,</span> <span class='ocrx_word' id='word_1_247' title='bbox 721 3991 860 4056; x_wconf 87' lang='lat' dir='ltr'>quod</span> <span class='ocrx_word' id='word_1_248' title='bbox 903 3991 1217 4055; x_wconf 86' lang='lat' dir='ltr'>prohibuere</span> <span class='ocrx_word' id='word_1_249' title='bbox 1251 3990 1452 4040; x_wconf 87' lang='lat' dir='ltr'>Trium-</span> 
     </span>
     <span class='ocr_line' id='line_1_49' title="bbox 393 4067 710 4135; baseline 0.003 -20"><span class='ocrx_word' id='word_1_250' title='bbox 393 4067 491 4117; x_wconf 83' lang='lat' dir='ltr'>viri</span> <span class='ocrx_word' id='word_1_251' title='bbox 513 4073 710 4135; x_wconf 85' lang='lat' dir='ltr'>postea.</span> 
     </span>
    </p>
   </div>
   <div class='ocr_carea' id='block_1_8' title="bbox 1527 736 2609 1638">
    <p class='ocr_par' dir='ltr' id='par_1_15' title="bbox 1530 736 2600 1017">
     <span class='ocr_line' id='line_1_50' title="bbox 1530 736 2599 801; baseline 0.003 -15"><span class='ocrx_word' id='word_1_252' title='bbox 1530 753 1659 800; x_wconf 77' lang='lat' dir='ltr'>voce,</span> <span class='ocrx_word' id='word_1_253' title='bbox 1676 753 1837 800; x_wconf 71' lang='lat' dir='ltr'>mu,</span> <span class='ocrx_word' id='word_1_254' title='bbox 1856 751 1918 788; x_wconf 86' lang='lat' dir='ltr'>ac</span> <span class='ocrx_word' id='word_1_255' title='bbox 1939 738 2078 801; x_wconf 71' lang='lat' dir='ltr'>virga</span> <span class='ocrx_word' id='word_1_256' title='bbox 2095 753 2112 788; x_wconf 89' lang='lat'>.·</span> <span class='ocrx_word' id='word_1_257' title='bbox 2142 738 2318 788; x_wconf 87' lang='lat' dir='ltr'>locum</span> <span class='ocrx_word' id='word_1_258' title='bbox 2333 736 2599 789; x_wconf 77' lang='lat' dir='ltr'>faciebant</span> 
     </span>
     <span class='ocr_line' id='line_1_51' title="bbox 1532 814 2596 879; baseline 0.003 -17"><span class='ocrx_word' id='word_1_259' title='bbox 1532 814 1878 877; x_wconf 78' lang='lat' dir='ltr'>magistratui,</span> <span class='ocrx_word' id='word_1_260' title='bbox 1896 829 2012 864; x_wconf 90' lang='lat' dir='ltr'>cum</span> <span class='ocrx_word' id='word_1_261' title='bbox 2030 814 2257 878; x_wconf 84' lang='lat' dir='ltr'>strepitu</span> <span class='ocrx_word' id='word_1_262' title='bbox 2276 815 2360 864; x_wconf 91' lang='lat' dir='ltr'>et&#39;</span> <span class='ocrx_word' id='word_1_263' title='bbox 2347 816 2596 879; x_wconf 75' lang='lat' dir='ltr'>imperio.</span> 
     </span>
     <span class='ocr_line' id='line_1_52' title="bbox 1532 890 2600 982; baseline 0.003 -44"><span class='ocrx_word' id='word_1_264' title='bbox 1532 890 1807 954; x_wconf 78' lang='lat' dir='ltr'>pulsabant</span> <span class='ocrx_word' id='word_1_265' title='bbox 1844 891 1984 952; x_wconf 78' lang='lat' dir='ltr'>virga</span> <span class='ocrx_word' id='word_1_266' title='bbox 2024 890 2237 940; x_wconf 90' lang='lat' dir='ltr'>obvios·</span> <span class='ocrx_word' id='word_1_267' title='bbox 2225 927 2239 952; x_wconf 89' lang='lat'>‚</span> <span class='ocrx_word' id='word_1_268' title='bbox 2290 906 2392 956; x_wconf 86' lang='lat' dir='ltr'>qua</span> <span class='ocrx_word' id='word_1_269' title='bbox 2426 898 2600 982; x_wconf 85' lang='lat' dir='ltr'>tamen</span> 
     </span>
     <span class='ocr_line' id='line_1_53' title="bbox 1534 966 2246 1032; baseline 0 -17"><span class='ocrx_word' id='word_1_270' title='bbox 1534 966 1903 1032; x_wconf 82' lang='lat' dir='ltr'>abstinebant</span> <span class='ocrx_word' id='word_1_271' title='bbox 1891 982 1941 1015; x_wconf 77' lang='lat' dir='ltr'>in</span> <span class='ocrx_word' id='word_1_272' title='bbox 1964 973 2246 1017; x_wconf 82' lang='lat' dir='ltr'>matronas.</span> 
     </span>
    </p>

    <p class='ocr_par' dir='ltr' id='par_1_16' title="bbox 1527 1023 2609 1638">
     <span class='ocr_line' id='line_1_54' title="bbox 1598 1023 2598 1105; baseline 0.003 -14"><span class='ocrx_word' id='word_1_273' title='bbox 1598 1023 1948 1093; x_wconf 87' lang='lat' dir='ltr'>Abstinebant</span> <span class='ocrx_word' id='word_1_274' title='bbox 1986 1059 2015 1093; x_wconf 87' lang='lat' dir='ltr'>a</span> <span class='ocrx_word' id='word_1_275' title='bbox 2050 1043 2317 1105; x_wconf 86' lang='lat' dir='ltr'>matronis,</span> <span class='ocrx_word' id='word_1_276' title='bbox 2341 1043 2407 1092; x_wconf 91' lang='lat' dir='ltr'>ob</span> <span class='ocrx_word' id='word_1_277' title='bbox 2432 1044 2598 1094; x_wconf 73' lang='lat' dir='ltr'>liono-</span> 
     </span>
     <span class='ocr_line' id='line_1_55' title="bbox 1530 1119 2598 1181; baseline 0.001 -13"><span class='ocrx_word' id='word_1_278' title='bbox 1530 1134 1662 1181; x_wconf 88' lang='lat' dir='ltr'>rem,</span> <span class='ocrx_word' id='word_1_279' title='bbox 1684 1126 1739 1168; x_wconf 91' lang='lat' dir='ltr'>et</span> <span class='ocrx_word' id='word_1_280' title='bbox 1776 1133 1843 1168; x_wconf 85' lang='lat' dir='ltr'>ne</span> <span class='ocrx_word' id='word_1_281' title='bbox 1865 1120 1939 1169; x_wconf 89' lang='lat' dir='ltr'>sic</span> <span class='ocrx_word' id='word_1_282' title='bbox 1973 1119 2328 1169; x_wconf 84' lang='lat' dir='ltr'>vehementius</span> <span class='ocrx_word' id='word_1_283' title='bbox 2364 1125 2598 1169; x_wconf 83' lang='lat' dir='ltr'>exterre-</span> 
     </span>
     <span class='ocr_line' id='line_1_56' title="bbox 1530 1193 2609 1260; baseline 0.001 -16"><span class='ocrx_word' id='word_1_284' title='bbox 1530 1202 1727 1255; x_wconf 78' lang='lat' dir='ltr'>rentur,</span> <span class='ocrx_word' id='word_1_285' title='bbox 1749 1196 2277 1260; x_wconf 87' lang='lat' dir='ltr'>submoverenturque</span> <span class='ocrx_word' id='word_1_286' title='bbox 2296 1201 2505 1245; x_wconf 89' lang='lat' dir='ltr'>uterum</span> <span class='ocrx_word' id='word_1_287' title='bbox 2524 1193 2609 1245; x_wconf 67' lang='lat' dir='ltr'>fe-⁴</span> 
     </span>
     <span class='ocr_line' id='line_1_57' title="bbox 1527 1270 2600 1337; baseline 0 -17"><span class='ocrx_word' id='word_1_288' title='bbox 1527 1276 1703 1321; x_wconf 87' lang='lat' dir='ltr'>rentes</span> <span class='ocrx_word' id='word_1_289' title='bbox 1723 1270 1947 1320; x_wconf 81' lang='lat' dir='ltr'>foeminae</span> <span class='ocrx_word' id='word_1_290' title='bbox 1968 1288 1984 1331; x_wconf 79' lang='lat'>3</span> <span class='ocrx_word' id='word_1_291' title='bbox 2028 1278 2084 1320; x_wconf 80' lang='lat' dir='ltr'>et</span> <span class='ocrx_word' id='word_1_292' title='bbox 2105 1273 2222 1337; x_wconf 86' lang='lat' dir='ltr'>quia</span> <span class='ocrx_word' id='word_1_293' title='bbox 2247 1286 2349 1321; x_wconf 88' lang='lat' dir='ltr'>non</span> <span class='ocrx_word' id='word_1_294' title='bbox 2374 1285 2468 1335; x_wconf 88' lang='lat' dir='ltr'>par</span> <span class='ocrx_word' id='word_1_295' title='bbox 2491 1286 2600 1324; x_wconf 83' lang='lat' dir='ltr'>me·</span> 
     </span>
     <span class='ocr_line' id='line_1_58' title="bbox 1530 1346 2598 1411; baseline -0.001 -15"><span class='ocrx_word' id='word_1_296' title='bbox 1530 1353 1616 1396; x_wconf 88' lang='lat' dir='ltr'>tus</span> <span class='ocrx_word' id='word_1_297' title='bbox 1645 1361 1675 1396; x_wconf 91' lang='lat' dir='ltr'>a</span> <span class='ocrx_word' id='word_1_298' title='bbox 1697 1346 1920 1410; x_wconf 84' lang='lat' dir='ltr'>sequiori</span> <span class='ocrx_word' id='word_1_299' title='bbox 1956 1361 2101 1410; x_wconf 84' lang='lat' dir='ltr'>sexu,</span> <span class='ocrx_word' id='word_1_300' title='bbox 2123 1361 2291 1411; x_wconf 87' lang='lat' dir='ltr'>neque</span> <span class='ocrx_word' id='word_1_301' title='bbox 2325 1361 2419 1410; x_wconf 89' lang='lat' dir='ltr'>par</span> <span class='ocrx_word' id='word_1_302' title='bbox 2457 1361 2598 1396; x_wconf 84' lang='lat' dir='ltr'>reve-</span> 
     </span>
     <span class='ocr_line' id='line_1_59' title="bbox 1528 1420 2599 1483; baseline 0.001 -13"><span class='ocrx_word' id='word_1_303' title='bbox 1528 1420 1698 1471; x_wconf 86' lang='lat' dir='ltr'>rentia</span> <span class='ocrx_word' id='word_1_304' title='bbox 1732 1422 2052 1483; x_wconf 78' lang='lat' dir='ltr'>exigebatur.</span> <span class='ocrx_word' id='word_1_305' title='bbox 2111 1424 2328 1472; x_wconf 84' lang='lat' dir='ltr'>Festus:</span> <span class='ocrx_word' id='word_1_306' title='bbox 2362 1422 2379 1450; x_wconf 89' lang='lat'>‘</span> <span class='ocrx_word' id='word_1_307' title='bbox 2400 1423 2599 1471; x_wconf 90' lang='lat' dir='ltr'>Matro-</span> 
     </span>
     <span class='ocr_line' id='line_1_60' title="bbox 1530 1496 2601 1561; baseline -0.001 -15"><span class='ocrx_word' id='word_1_308' title='bbox 1530 1512 1613 1546; x_wconf 85' lang='lat' dir='ltr'>nae</span> <span class='ocrx_word' id='word_1_309' title='bbox 1641 1512 1671 1547; x_wconf 91' lang='lat' dir='ltr'>a</span> <span class='ocrx_word' id='word_1_310' title='bbox 1704 1498 2088 1559; x_wconf 82' lang='lat' dir='ltr'>magistratibus</span> <span class='ocrx_word' id='word_1_311' title='bbox 2111 1511 2211 1546; x_wconf 88' lang='lat' dir='ltr'>non</span> <span class='ocrx_word' id='word_1_312' title='bbox 2239 1496 2601 1561; x_wconf 85' lang='lat' dir='ltr'>movebantur,</span> 
     </span>
     <span class='ocr_line' id='line_1_61' title="bbox 1530 1565 2600 1638; baseline -0.001 -16"><span class='ocrx_word' id='word_1_313' title='bbox 1530 1587 1599 1622; x_wconf 87' lang='lat' dir='ltr'>ne</span> <span class='ocrx_word' id='word_1_314' title='bbox 1629 1573 1824 1637; x_wconf 87' lang='lat' dir='ltr'>pulsari</span> <span class='ocrx_word' id='word_1_315' title='bbox 1864 1574 2244 1623; x_wconf 85' lang='lat' dir='ltr'>contrectarive</span> <span class='ocrx_word' id='word_1_316' title='bbox 2278 1565 2600 1638; x_wconf 83' lang='lat' dir='ltr'>viderentur,</span> 
     </span>
    </p>
   </div>
   <div class='ocr_carea' id='block_1_9' title="bbox 1507 1646 2370 1711">
    <p class='ocr_par' dir='ltr' id='par_1_17' title="bbox 1507 1646 2370 1711">
     <span class='ocr_line' id='line_1_62' title="bbox 1507 1646 2370 1711; baseline 0 -15"><span class='ocrx_word' id='word_1_317' title='bbox 1507 1679 1513 1683; x_wconf 90' lang='lat'>-</span> <span class='ocrx_word' id='word_1_318' title='bbox 1532 1663 1664 1697; x_wconf 84' lang='lat' dir='ltr'>neve</span> <span class='ocrx_word' id='word_1_319' title='bbox 1688 1648 1912 1711; x_wconf 82' lang='lat' dir='ltr'>gravidae</span> <span class='ocrx_word' id='word_1_320' title='bbox 1933 1646 2370 1706; x_wconf 69' lang='lat' dir='ltr'>concuterentur!</span> 
     </span>
    </p>
   </div>
   <div class='ocr_carea' id='block_1_10' title="bbox 1529 1722 2617 3751">
    <p class='ocr_par' dir='ltr' id='par_1_18' title="bbox 1533 1722 2600 2151">
     <span class='ocr_line' id='line_1_63' title="bbox 1596 1722 2598 1790; baseline 0.001 -17"><span class='ocrx_word' id='word_1_321' title='bbox 1596 1724 1978 1773; x_wconf 86' lang='lat' dir='ltr'>Submovebant</span> <span class='ocrx_word' id='word_1_322' title='bbox 1994 1726 2260 1788; x_wconf 73' lang='lat' dir='ltr'>praecipue</span> <span class='ocrx_word' id='word_1_323' title='bbox 2281 1722 2518 1786; x_wconf 82' lang='lat' dir='ltr'>infames,</span> <span class='ocrx_word' id='word_1_324' title='bbox 2537 1729 2598 1790; x_wconf 73' lang='lat' dir='ltr'>ut</span> 
     </span>
     <span class='ocr_line' id='line_1_64' title="bbox 1533 1799 2600 1861; baseline -0.001 -13"><span class='ocrx_word' id='word_1_325' title='bbox 1533 1801 1732 1860; x_wconf 80' lang='lat' dir='ltr'>lenones,</span> <span class='ocrx_word' id='word_1_326' title='bbox 1752 1799 2038 1850; x_wconf 80' lang='lat' dir='ltr'>meretrices.</span> <span class='ocrx_word' id='word_1_327' title='bbox 2077 1800 2276 1848; x_wconf 85' lang='lat' dir='ltr'>Seneca</span> <span class='ocrx_word' id='word_1_328' title='bbox 2291 1804 2441 1861; x_wconf 88' lang='lat' dir='ltr'>pater</span> <span class='ocrx_word' id='word_1_329' title='bbox 2465 1799 2600 1848; x_wconf 87' lang='lat' dir='ltr'>Con-</span> 
     </span>
     <span class='ocr_line' id='line_1_65' title="bbox 1535 1871 2600 1938; baseline -0.001 -15.998"><span class='ocrx_word' id='word_1_330' title='bbox 1535 1871 1760 1926; x_wconf 76' lang='lat' dir='ltr'>trovers.</span> <span class='ocrx_word' id='word_1_331' title='bbox 1779 1879 1827 1923; x_wconf 83' lang='lat'>2.</span> <span class='ocrx_word' id='word_1_332' title='bbox 1845 1872 1937 1923; x_wconf 87' lang='lat' dir='ltr'>lib.</span> <span class='ocrx_word' id='word_1_333' title='bbox 1968 1886 2051 1923; x_wconf 80' lang='lat' dir='ltr'>rx.</span> <span class='ocrx_word' id='word_1_334' title='bbox 2096 1873 2112 1901; x_wconf 89' lang='lat'>‘</span> <span class='ocrx_word' id='word_1_335' title='bbox 2137 1873 2472 1937; x_wconf 87' lang='lat' dir='ltr'>Majestatem</span> <span class='ocrx_word' id='word_1_336' title='bbox 2510 1875 2600 1938; x_wconf 69' lang='lat'><strong>¹³³.-</strong></span> 
     </span>
     <span class='ocr_line' id='line_1_66' title="bbox 1535 1948 2599 2012; baseline 0.002 -15"><span class='ocrx_word' id='word_1_337' title='bbox 1535 1964 1644 1999; x_wconf 87' lang='lat' dir='ltr'>sam</span> <span class='ocrx_word' id='word_1_338' title='bbox 1664 1948 1925 2012; x_wconf 86' lang='lat' dir='ltr'>dixissem,</span> <span class='ocrx_word' id='word_1_339' title='bbox 1963 1950 2007 1999; x_wconf 88' lang='lat' dir='ltr'>si</span> <span class='ocrx_word' id='word_1_340' title='bbox 2031 1949 2128 1999; x_wconf 89' lang='lat' dir='ltr'>tibi</span> <span class='ocrx_word' id='word_1_341' title='bbox 2159 1949 2370 2006; x_wconf 82' lang='lat' dir='ltr'>exeunti</span> <span class='ocrx_word' id='word_1_342' title='bbox 2392 1950 2545 1999; x_wconf 89' lang='lat' dir='ltr'>lictor</span> <span class='ocrx_word' id='word_1_343' title='bbox 2567 1964 2599 1999; x_wconf 90' lang='lat' dir='ltr'>e</span> 
     </span>
     <span class='ocr_line' id='line_1_67' title="bbox 1537 2024 2599 2088; baseline 0 -14"><span class='ocrx_word' id='word_1_344' title='bbox 1537 2031 1824 2088; x_wconf 87' lang='lat' dir='ltr'>conspectu</span> <span class='ocrx_word' id='word_1_345' title='bbox 1844 2040 1948 2074; x_wconf 88' lang='lat' dir='ltr'>non</span> <span class='ocrx_word' id='word_1_346' title='bbox 1984 2025 2345 2075; x_wconf 84' lang='lat' dir='ltr'>summovisset</span> <span class='ocrx_word' id='word_1_347' title='bbox 2365 2024 2599 2075; x_wconf 88' lang='lat' dir='ltr'>meretri-</span> 
     </span>
     <span class='ocr_line' id='line_1_68' title="bbox 1534 2102 1683 2151; baseline 0 0"><span class='ocrx_word' id='word_1_348' title='bbox 1534 2102 1683 2151; x_wconf 89' lang='lat' dir='ltr'>cem.’</span> 
     </span>
    </p>

    <p class='ocr_par' dir='ltr' id='par_1_19' title="bbox 1531 2177 2600 2695">
     <span class='ocr_line' id='line_1_69' title="bbox 1599 2177 2599 2241; baseline 0.003 -16"><span class='ocrx_word' id='word_1_349' title='bbox 1599 2177 1779 2227; x_wconf 88' lang='lat' dir='ltr'>Lictor</span> <span class='ocrx_word' id='word_1_350' title='bbox 1810 2177 2230 2241; x_wconf 75' lang='lat' dir='ltr'>animadvertebat,</span> <span class='ocrx_word' id='word_1_351' title='bbox 2253 2184 2307 2227; x_wconf 89' lang='lat' dir='ltr'>et</span> <span class='ocrx_word' id='word_1_352' title='bbox 2329 2178 2479 2228; x_wconf 90' lang='lat' dir='ltr'>simul</span> <span class='ocrx_word' id='word_1_353' title='bbox 2502 2177 2599 2229; x_wconf 91' lang='lat' dir='ltr'>eti-</span> 
     </span>
     <span class='ocr_line' id='line_1_70' title="bbox 1535 2253 2600 2313; baseline 0.002 -11"><span class='ocrx_word' id='word_1_354' title='bbox 1535 2267 1616 2302; x_wconf 88' lang='lat' dir='ltr'>am</span> <span class='ocrx_word' id='word_1_355' title='bbox 1639 2254 1954 2303; x_wconf 73' lang='lat' dir='ltr'>mtimadverti</span> <span class='ocrx_word' id='word_1_356' title='bbox 1965 2253 2166 2313; x_wconf 76' lang='lat' dir='ltr'>jubebat</span> <span class='ocrx_word' id='word_1_357' title='bbox 2188 2253 2372 2303; x_wconf 90' lang='lat' dir='ltr'>eadem</span> <span class='ocrx_word' id='word_1_358' title='bbox 2395 2267 2522 2303; x_wconf 86' lang='lat' dir='ltr'>voce</span> <span class='ocrx_word' id='word_1_359' title='bbox 2543 2258 2600 2304; x_wconf 86' lang='lat' dir='ltr'>et</span> 
     </span>
     <span class='ocr_line' id='line_1_71' title="bbox 1535 2328 2599 2391; baseline -0.001 -12"><span class='ocrx_word' id='word_1_360' title='bbox 1535 2329 1778 2379; x_wconf 87' lang='lat' dir='ltr'>actione:</span> <span class='ocrx_word' id='word_1_361' title='bbox 1834 2328 1889 2378; x_wconf 90' lang='lat' dir='ltr'>id</span> <span class='ocrx_word' id='word_1_362' title='bbox 1932 2336 2030 2391; x_wconf 87' lang='lat' dir='ltr'>est,</span> <span class='ocrx_word' id='word_1_363' title='bbox 2084 2328 2316 2377; x_wconf 85' lang='lat' dir='ltr'>exhiberi</span> <span class='ocrx_word' id='word_1_364' title='bbox 2353 2330 2599 2378; x_wconf 84' lang='lat' dir='ltr'>honorem</span> 
     </span>
     <span class='ocr_line' id='line_1_72' title="bbox 1536 2403 2598 2468; baseline -0.002 -13"><span class='ocrx_word' id='word_1_365' title='bbox 1536 2406 1741 2455; x_wconf 88' lang='lat' dir='ltr'>solitum</span> <span class='ocrx_word' id='word_1_366' title='bbox 1764 2404 1989 2453; x_wconf 86' lang='lat' dir='ltr'>venienti</span> <span class='ocrx_word' id='word_1_367' title='bbox 2010 2403 2332 2468; x_wconf 81' lang='lat' dir='ltr'>magistratui</span> <span class='ocrx_word' id='word_1_368' title='bbox 2347 2403 2598 2467; x_wconf 77' lang='lat' dir='ltr'>jubebat:</span> 
     </span>
     <span class='ocr_line' id='line_1_73' title="bbox 1531 2481 2599 2545; baseline 0.002 -16"><span class='ocrx_word' id='word_1_369' title='bbox 1531 2496 1583 2531; x_wconf 81' lang='lat' dir='ltr'>v.</span> <span class='ocrx_word' id='word_1_370' title='bbox 1629 2497 1679 2545; x_wconf 83' lang='lat' dir='ltr'>g.</span> <span class='ocrx_word' id='word_1_371' title='bbox 1720 2482 1996 2542; x_wconf 76' lang='lat' dir='ltr'>Assur-gere,</span> <span class='ocrx_word' id='word_1_372' title='bbox 2031 2485 2170 2544; x_wconf 77' lang='lat' dir='ltr'>caput</span> <span class='ocrx_word' id='word_1_373' title='bbox 2201 2481 2403 2544; x_wconf 78' lang='lat' dir='ltr'>aperire,</span> <span class='ocrx_word' id='word_1_374' title='bbox 2443 2486 2499 2531; x_wconf 90' lang='lat' dir='ltr'>et</span> <span class='ocrx_word' id='word_1_375' title='bbox 2535 2496 2599 2530; x_wconf 68' lang='lat' dir='ltr'>ex</span> 
     </span>
     <span class='ocr_line' id='line_1_74' title="bbox 1532 2556 2598 2620; baseline -0.002 -13"><span class='ocrx_word' id='word_1_376' title='bbox 1532 2573 1664 2620; x_wconf 77' lang='lat' dir='ltr'>equo,</span> <span class='ocrx_word' id='word_1_377' title='bbox 1686 2563 1776 2607; x_wconf 90' lang='lat' dir='ltr'>aut</span> <span class='ocrx_word' id='word_1_378' title='bbox 1796 2572 1938 2606; x_wconf 77' lang='lat' dir='ltr'>curru</span> <span class='ocrx_word' id='word_1_379' title='bbox 1965 2558 2258 2618; x_wconf 78' lang='lat' dir='ltr'>descendere,</span> <span class='ocrx_word' id='word_1_380' title='bbox 2279 2556 2498 2618; x_wconf 79' lang='lat' dir='ltr'>gladium</span> <span class='ocrx_word' id='word_1_381' title='bbox 2515 2572 2598 2620; x_wconf 83' lang='lat' dir='ltr'>po-</span> 
     </span>
     <span class='ocr_line' id='line_1_75' title="bbox 1531 2634 2148 2695; baseline -0.002 -13"><span class='ocrx_word' id='word_1_382' title='bbox 1531 2647 1660 2695; x_wconf 77' lang='lat' dir='ltr'>nere,</span> <span class='ocrx_word' id='word_1_383' title='bbox 1679 2635 1847 2683; x_wconf 82' lang='lat' dir='ltr'>semita</span> <span class='ocrx_word' id='word_1_384' title='bbox 1868 2634 2046 2693; x_wconf 83' lang='lat' dir='ltr'>cedere,</span> <span class='ocrx_word' id='word_1_385' title='bbox 2064 2635 2148 2695; x_wconf 75' lang='lat'>850.</span> 
     </span>
    </p>

    <p class='ocr_par' dir='ltr' id='par_1_20' title="bbox 1534 2707 2598 2996">
     <span class='ocr_line' id='line_1_76' title="bbox 1593 2707 2597 2777; baseline 0.003 -21"><span class='ocrx_word' id='word_1_386' title='bbox 1593 2707 1791 2777; x_wconf 86' lang='lat' dir='ltr'>Seneca</span> <span class='ocrx_word' id='word_1_387' title='bbox 1821 2708 2061 2771; x_wconf 85' lang='lat' dir='ltr'>Epistola</span> <span class='ocrx_word' id='word_1_388' title='bbox 2081 2713 2163 2756; x_wconf 86' lang='grc'>70.</span> <span class='ocrx_word' id='word_1_389' title='bbox 2211 2708 2228 2737; x_wconf 90' lang='lat'>‘</span> <span class='ocrx_word' id='word_1_390' title='bbox 2247 2707 2302 2757; x_wconf 89' lang='lat' dir='ltr'>Si</span> <span class='ocrx_word' id='word_1_391' title='bbox 2332 2708 2597 2759; x_wconf 86' lang='lat' dir='ltr'>consulem</span> 
     </span>
     <span class='ocr_line' id='line_1_77' title="bbox 1534 2782 2596 2846; baseline -0.001 -15"><span class='ocrx_word' id='word_1_392' title='bbox 1534 2782 1715 2832; x_wconf 75' lang='lat' dir='ltr'>videro</span> <span class='ocrx_word' id='word_1_393' title='bbox 1749 2788 1839 2831; x_wconf 85' lang='lat' dir='ltr'>aut</span> <span class='ocrx_word' id='word_1_394' title='bbox 1878 2788 2175 2846; x_wconf 64' lang='lat' dir='ltr'>praetorem,</span> <span class='ocrx_word' id='word_1_395' title='bbox 2213 2782 2380 2831; x_wconf 86' lang='lat' dir='ltr'>omnia</span> <span class='ocrx_word' id='word_1_396' title='bbox 2413 2782 2596 2846; x_wconf 86' lang='lat' dir='ltr'>quibus</span> 
     </span>
     <span class='ocr_line' id='line_1_78' title="bbox 1535 2856 2598 2920; baseline -0.001 -14"><span class='ocrx_word' id='word_1_397' title='bbox 1535 2858 1701 2907; x_wconf 89' lang='lat' dir='ltr'>honor</span> <span class='ocrx_word' id='word_1_398' title='bbox 1722 2857 1904 2907; x_wconf 87' lang='lat' dir='ltr'>haberi</span> <span class='ocrx_word' id='word_1_399' title='bbox 1929 2859 2080 2919; x_wconf 92' lang='lat' dir='ltr'>solet,</span> <span class='ocrx_word' id='word_1_400' title='bbox 2099 2856 2320 2906; x_wconf 80' lang='lat' dir='ltr'>faciam:</span> <span class='ocrx_word' id='word_1_401' title='bbox 2358 2870 2489 2920; x_wconf 87' lang='lat' dir='ltr'>equo</span> <span class='ocrx_word' id='word_1_402' title='bbox 2509 2858 2598 2906; x_wconf 89' lang='lat' dir='ltr'>de-</span> 
     </span>
     <span class='ocr_line' id='line_1_79' title="bbox 1535 2929 2596 2996; baseline -0.002 -14"><span class='ocrx_word' id='word_1_403' title='bbox 1535 2934 1719 2995; x_wconf 74' lang='lat' dir='ltr'>ailiam,</span> <span class='ocrx_word' id='word_1_404' title='bbox 1742 2939 1900 2996; x_wconf 90' lang='lat' dir='ltr'>caput</span> <span class='ocrx_word' id='word_1_405' title='bbox 1918 2934 2160 2996; x_wconf 86' lang='lat' dir='ltr'>aperiam,</span> <span class='ocrx_word' id='word_1_406' title='bbox 2171 2930 2356 2982; x_wconf 86' lang='lat' dir='ltr'>semita</span> <span class='ocrx_word' id='word_1_407' title='bbox 2372 2929 2596 2980; x_wconf 86' lang='lat' dir='ltr'>cedam.&#39;</span> 
     </span>
    </p>

    <p class='ocr_par' dir='ltr' id='par_1_21' title="bbox 1533 3006 2617 3224">
     <span class='ocr_line' id='line_1_80' title="bbox 1600 3006 2617 3073; baseline -0.004 -14"><span class='ocrx_word' id='word_1_408' title='bbox 1600 3007 1757 3073; x_wconf 87' lang='lat' dir='ltr'>Apud</span> <span class='ocrx_word' id='word_1_409' title='bbox 1792 3009 2016 3059; x_wconf 88' lang='lat' dir='ltr'>Dionem</span> <span class='ocrx_word' id='word_1_410' title='bbox 2049 3009 2140 3057; x_wconf 88' lang='lat' dir='ltr'>lib.</span> <span class='ocrx_word' id='word_1_411' title='bbox 2186 3020 2386 3057; x_wconf 74' lang='lat' dir='ltr'>xxxvi.</span> <span class='ocrx_word' id='word_1_412' title='bbox 2441 3006 2617 3056; x_wconf 65' lang='lat' dir='ltr'>Pom-⁶</span> 
     </span>
     <span class='ocr_line' id='line_1_81' title="bbox 1534 3082 2596 3149; baseline -0.001 -16"><span class='ocrx_word' id='word_1_413' title='bbox 1534 3085 1680 3149; x_wconf 89' lang='lat' dir='ltr'>peius</span> <span class='ocrx_word' id='word_1_414' title='bbox 1703 3084 2018 3135; x_wconf 84' lang='lat' dir='ltr'>descendere</span> <span class='ocrx_word' id='word_1_415' title='bbox 2040 3084 2139 3134; x_wconf 90' lang='lat' dir='ltr'>sibi</span> <span class='ocrx_word' id='word_1_416' title='bbox 2161 3098 2292 3147; x_wconf 87' lang='lat' dir='ltr'>equo</span> <span class='ocrx_word' id='word_1_417' title='bbox 2314 3082 2596 3146; x_wconf 85' lang='lat' dir='ltr'>Tigranem</span> 
     </span>
     <span class='ocr_line' id='line_1_82' title="bbox 1533 3160 2270 3224; baseline -0.004 -15"><span class='ocrx_word' id='word_1_418' title='bbox 1533 3174 1708 3223; x_wconf 87' lang='lat' dir='ltr'>regem</span> <span class='ocrx_word' id='word_1_419' title='bbox 1719 3160 1876 3224; x_wconf 90' lang='lat' dir='ltr'>jussit</span> <span class='ocrx_word' id='word_1_420' title='bbox 1900 3174 1994 3222; x_wconf 89' lang='lat' dir='ltr'>per</span> <span class='ocrx_word' id='word_1_421' title='bbox 2017 3160 2270 3208; x_wconf 86' lang='lat' dir='ltr'>lictorem.</span> 
     </span>
    </p>

    <p class='ocr_par' dir='ltr' id='par_1_22' title="bbox 1529 3234 2597 3751">
     <span class='ocr_line' id='line_1_83' title="bbox 1596 3234 2595 3298; baseline 0 -14"><span class='ocrx_word' id='word_1_422' title='bbox 1596 3236 1685 3285; x_wconf 89' lang='lat' dir='ltr'>Sic</span> <span class='ocrx_word' id='word_1_423' title='bbox 1730 3242 1786 3284; x_wconf 92' lang='lat' dir='ltr'>et</span> <span class='ocrx_word' id='word_1_424' title='bbox 1833 3235 2084 3298; x_wconf 89' lang='lat' dir='ltr'>Apuleius</span> <span class='ocrx_word' id='word_1_425' title='bbox 2139 3235 2228 3285; x_wconf 88' lang='lat' dir='ltr'>lib.</span> <span class='ocrx_word' id='word_1_426' title='bbox 2272 3249 2357 3283; x_wconf 83' lang='lat'>111.</span> <span class='ocrx_word' id='word_1_427' title='bbox 2402 3234 2595 3284; x_wconf 86' lang='lat' dir='ltr'>Florid.</span> 
     </span>
     <span class='ocr_line' id='line_1_84' title="bbox 1530 3309 2595 3376; baseline -0.002 -16"><span class='ocrx_word' id='word_1_428' title='bbox 1530 3313 1546 3339; x_wconf 88' lang='lat'>‘</span> <span class='ocrx_word' id='word_1_429' title='bbox 1568 3311 1620 3360; x_wconf 90' lang='lat' dir='ltr'>Si</span> <span class='ocrx_word' id='word_1_430' title='bbox 1644 3324 1793 3376; x_wconf 88' lang='lat' dir='ltr'>quem</span> <span class='ocrx_word' id='word_1_431' title='bbox 1831 3312 2197 3373; x_wconf 80' lang='lat' dir='ltr'>conspicantur</span> <span class='ocrx_word' id='word_1_432' title='bbox 2235 3323 2300 3357; x_wconf 85' lang='lat' dir='ltr'>ex</span> <span class='ocrx_word' id='word_1_433' title='bbox 2331 3309 2595 3372; x_wconf 90' lang='lat' dir='ltr'>principa-</span> 
     </span>
     <span class='ocr_line' id='line_1_85' title="bbox 1529 3383 2595 3447; baseline -0.003 -13"><span class='ocrx_word' id='word_1_434' title='bbox 1529 3386 1666 3434; x_wconf 86' lang='lat' dir='ltr'>libus</span> <span class='ocrx_word' id='word_1_435' title='bbox 1686 3385 1826 3447; x_wconf 75' lang='lat' dir='ltr'>viriS,</span> <span class='ocrx_word' id='word_1_436' title='bbox 1849 3384 1982 3435; x_wconf 89' lang='lat' dir='ltr'>bene</span> <span class='ocrx_word' id='word_1_437' title='bbox 2000 3384 2308 3443; x_wconf 88' lang='lat' dir='ltr'>consultum,</span> <span class='ocrx_word' id='word_1_438' title='bbox 2326 3383 2458 3432; x_wconf 88' lang='lat' dir='ltr'>bene</span> <span class='ocrx_word' id='word_1_439' title='bbox 2475 3397 2595 3446; x_wconf 75' lang='lat' dir='ltr'>cog·</span> 
     </span>
     <span class='ocr_line' id='line_1_86' title="bbox 1529 3457 2597 3525; baseline -0.004 -15"><span class='ocrx_word' id='word_1_440' title='bbox 1529 3463 1714 3522; x_wconf 88' lang='lat' dir='ltr'>nitum,</span> <span class='ocrx_word' id='word_1_441' title='bbox 1756 3468 2050 3525; x_wconf 85' lang='lat' dir='ltr'>quanquam</span> <span class='ocrx_word' id='word_1_442' title='bbox 2090 3459 2285 3522; x_wconf 88' lang='lat' dir='ltr'>oppido</span> <span class='ocrx_word' id='word_1_443' title='bbox 2326 3457 2597 3522; x_wconf 84' lang='lat' dir='ltr'>festinant,</span> 
     </span>
     <span class='ocr_line' id='line_1_87' title="bbox 1530 3526 2594 3599; baseline -0.003 -12"><span class='ocrx_word' id='word_1_444' title='bbox 1530 3544 1705 3589; x_wconf 88' lang='lat' dir='ltr'>tamen</span> <span class='ocrx_word' id='word_1_445' title='bbox 1737 3537 1939 3585; x_wconf 87' lang='lat' dir='ltr'>honoris</span> <span class='ocrx_word' id='word_1_446' title='bbox 1976 3536 2089 3599; x_wconf 86' lang='lat' dir='ltr'>ejus</span> <span class='ocrx_word' id='word_1_447' title='bbox 2127 3533 2314 3598; x_wconf 87' lang='lat' dir='ltr'>gratia,</span> <span class='ocrx_word' id='word_1_448' title='bbox 2340 3526 2594 3584; x_wconf 72' lang='lat' dir='ltr'>&#39;cohibent</span> 
     </span>
     <span class='ocr_line' id='line_1_88' title="bbox 1530 3609 2594 3674; baseline -0.002 -13"><span class='ocrx_word' id='word_1_449' title='bbox 1530 3626 1757 3672; x_wconf 82' lang='lat' dir='ltr'>cursum,</span> <span class='ocrx_word' id='word_1_450' title='bbox 1789 3612 2023 3660; x_wconf 85' lang='lat' dir='ltr'>relevant</span> <span class='ocrx_word' id='word_1_451' title='bbox 2060 3612 2295 3674; x_wconf 82' lang='lat' dir='ltr'>gradum,</span> <span class='ocrx_word' id='word_1_452' title='bbox 2320 3609 2594 3659; x_wconf 87' lang='lat' dir='ltr'>retardant</span> 
     </span>
     <span class='ocr_line' id='line_1_89' title="bbox 1532 3684 2591 3751; baseline -0.002 -15"><span class='ocrx_word' id='word_1_453' title='bbox 1532 3701 1741 3751; x_wconf 87' lang='lat' dir='ltr'>equum,</span> <span class='ocrx_word' id='word_1_454' title='bbox 1774 3693 1830 3736; x_wconf 86' lang='lat' dir='ltr'>et</span> <span class='ocrx_word' id='word_1_455' title='bbox 1863 3687 2002 3735; x_wconf 88' lang='lat' dir='ltr'>illico</span> <span class='ocrx_word' id='word_1_456' title='bbox 2040 3685 2094 3734; x_wconf 89' lang='lat' dir='ltr'>in</span> <span class='ocrx_word' id='word_1_457' title='bbox 2118 3685 2278 3748; x_wconf 79' lang='lat' dir='ltr'>pedes</span> <span class='ocrx_word' id='word_1_458' title='bbox 2312 3684 2591 3734; x_wconf 81' lang='lat' dir='ltr'>desiliunt:</span> 
     </span>
    </p>
   </div>
   <div class='ocr_carea' id='block_1_11' title="bbox 1530 3760 2692 3826">
    <p class='ocr_par' dir='ltr' id='par_1_23' title="bbox 1530 3760 2692 3826">
     <span class='ocr_line' id='line_1_90' title="bbox 1530 3760 2692 3826; baseline -0.001 -15"><span class='ocrx_word' id='word_1_459' title='bbox 1530 3761 1770 3816; x_wconf 76' lang='lat' dir='ltr'>fruticem</span> <span class='ocrx_word' id='word_1_460' title='bbox 1790 3776 1940 3826; x_wconf 76' lang='lat' dir='ltr'>quem</span> <span class='ocrx_word' id='word_1_461' title='bbox 1964 3760 2285 3811; x_wconf 88' lang='lat' dir='ltr'>verberando</span> <span class='ocrx_word' id='word_1_462' title='bbox 2319 3775 2451 3824; x_wconf 91' lang='lat' dir='ltr'>equo</span> <span class='ocrx_word' id='word_1_463' title='bbox 2481 3775 2594 3824; x_wconf 86' lang='lat' dir='ltr'>ges·</span> <span class='ocrx_word' id='word_1_464' title='bbox 2687 3793 2692 3800; x_wconf 91' lang='lat'>-</span> 
     </span>
    </p>
   </div>
   <div class='ocr_carea' id='block_1_12' title="bbox 1531 3835 2595 4132">
    <p class='ocr_par' dir='ltr' id='par_1_24' title="bbox 1531 3835 2595 4042">
     <span class='ocr_line' id='line_1_91' title="bbox 1534 3835 2592 3900; baseline 0.002 -14"><span class='ocrx_word' id='word_1_465' title='bbox 1534 3845 1668 3900; x_wconf 86' lang='lat' dir='ltr'>tant,</span> <span class='ocrx_word' id='word_1_466' title='bbox 1704 3838 1758 3887; x_wconf 89' lang='lat' dir='ltr'>in</span> <span class='ocrx_word' id='word_1_467' title='bbox 1789 3840 1976 3887; x_wconf 83' lang='lat' dir='ltr'>laevam</span> <span class='ocrx_word' id='word_1_468' title='bbox 1997 3852 2202 3887; x_wconf 88' lang='lat' dir='ltr'>manum</span> <span class='ocrx_word' id='word_1_469' title='bbox 2237 3835 2592 3888; x_wconf 81' lang='lat' dir='ltr'>transferunt:</span> 
     </span>
     <span class='ocr_line' id='line_1_92' title="bbox 1531 3912 2595 3979; baseline 0.001 -17"><span class='ocrx_word' id='word_1_470' title='bbox 1531 3915 1711 3979; x_wconf 69' lang='lat' dir='ltr'>itaque</span> <span class='ocrx_word' id='word_1_471' title='bbox 1735 3914 1982 3978; x_wconf 79' lang='lat' dir='ltr'>expedita</span> <span class='ocrx_word' id='word_1_472' title='bbox 2002 3928 2172 3976; x_wconf 79' lang='lat' dir='ltr'>mauu,</span> <span class='ocrx_word' id='word_1_473' title='bbox 2196 3912 2407 3972; x_wconf 86' lang='lat' dir='ltr'>adeunt,</span> <span class='ocrx_word' id='word_1_474' title='bbox 2429 3927 2491 3964; x_wconf 86' lang='lat' dir='ltr'>ac</span> <span class='ocrx_word' id='word_1_475' title='bbox 2512 3928 2595 3963; x_wconf 81' lang='lat' dir='ltr'>sa·</span> 
     </span>
     <span class='ocr_line' id='line_1_93' title="bbox 1531 3992 1737 4042; baseline 0 0"><span class='ocrx_word' id='word_1_476' title='bbox 1531 3992 1737 4042; x_wconf 61' lang='lat' dir='ltr'>lutam?</span> 
     </span>
    </p>

    <p class='ocr_par' dir='ltr' id='par_1_25' title="bbox 1596 4064 2592 4132">
     <span class='ocr_line' id='line_1_94' title="bbox 1596 4064 2592 4132; baseline -0.004 -15"><span class='ocrx_word' id='word_1_477' title='bbox 1596 4069 1807 4117; x_wconf 88' lang='lat' dir='ltr'>Ferrum</span> <span class='ocrx_word' id='word_1_478' title='bbox 1832 4082 2024 4132; x_wconf 88' lang='lat' dir='ltr'>ponere</span> <span class='ocrx_word' id='word_1_479' title='bbox 2044 4066 2327 4130; x_wconf 85' lang='lat' dir='ltr'>jubebant.</span> <span class='ocrx_word' id='word_1_480' title='bbox 2391 4065 2479 4115; x_wconf 90' lang='lat' dir='ltr'>Sic</span> <span class='ocrx_word' id='word_1_481' title='bbox 2500 4064 2592 4113; x_wconf 80' lang='lat' dir='ltr'>‘ri-</span> 
     </span>
    </p>
   </div>
   <div class='ocr_carea' id='block_1_13' title="bbox 459 4139 2603 4208">
    <p class='ocr_par' dir='ltr' id='par_1_26' title="bbox 459 4139 2603 4208">
     <span class='ocr_line' id='line_1_95' title="bbox 459 4139 2603 4208; baseline -0.001 -16"><span class='ocrx_word' id='word_1_482' title='bbox 459 4144 697 4193; x_wconf 84' lang='lat' dir='ltr'>Lictores</span> <span class='ocrx_word' id='word_1_483' title='bbox 726 4144 1069 4206; x_wconf 59' lang='lat' dir='ltr'>amovebant,</span> <span class='ocrx_word' id='word_1_484' title='bbox 1111 4146 1448 4197; x_wconf 80' lang='lat' dir='ltr'>animadverte·</span> <span class='ocrx_word' id='word_1_485' title='bbox 1527 4157 1711 4208; x_wconf 79' lang='lat' dir='ltr'>graues</span> <span class='ocrx_word' id='word_1_486' title='bbox 1731 4158 1822 4193; x_wconf 88' lang='lat' dir='ltr'>rex</span> <span class='ocrx_word' id='word_1_487' title='bbox 1860 4144 1981 4193; x_wconf 87' lang='lat' dir='ltr'>olim</span> <span class='ocrx_word' id='word_1_488' title='bbox 2005 4143 2232 4207; x_wconf 80' lang='lat' dir='ltr'>gladium</span> <span class='ocrx_word' id='word_1_489' title='bbox 2255 4156 2401 4191; x_wconf 83' lang='lat' dir='ltr'>suum</span> <span class='ocrx_word' id='word_1_490' title='bbox 2428 4139 2603 4190; x_wconf 22' lang='lat' dir='ltr'>tradi-⁷</span> 
     </span>
    </p>
   </div>
   <div class='ocr_carea' id='block_1_14' title="bbox 392 4216 1451 4302">
    <p class='ocr_par' dir='ltr' id='par_1_27' title="bbox 392 4216 1451 4302">
     <span class='ocr_line' id='line_1_96' title="bbox 392 4216 1451 4302; baseline 0.002 -35"><span class='ocrx_word' id='word_1_491' title='bbox 392 4217 527 4302; x_wconf 56' lang='lat' dir='ltr'>baut,</span> <span class='ocrx_word' id='word_1_492' title='bbox 541 4216 793 4293; x_wconf 66' lang='lat' dir='ltr'>proeibaat.</span> <span class='ocrx_word' id='word_1_493' title='bbox 858 4219 931 4269; x_wconf 94' lang='lat' dir='ltr'>Hi</span> <span class='ocrx_word' id='word_1_494' title='bbox 952 4219 1451 4287; x_wconf 78' lang='lat' dir='ltr'>animadvertebant,</span> 
     </span>
    </p>
   </div>
   <div class='ocr_carea' id='block_1_15' title="bbox 1496 4216 2619 4297">
    <p class='ocr_par' dir='ltr' id='par_1_28' title="bbox 1496 4216 2619 4297">
     <span class='ocr_line' id='line_1_97' title="bbox 1496 4216 2619 4297; baseline -0.003 -29"><span class='ocrx_word' id='word_1_495' title='bbox 1496 4291 1502 4297; x_wconf 87' lang='lat'><strong>.</strong></span> <span class='ocrx_word' id='word_1_496' title='bbox 1527 4218 1610 4268; x_wconf 91' lang='lat' dir='ltr'>dit</span> <span class='ocrx_word' id='word_1_497' title='bbox 1628 4218 1894 4273; x_wconf 86' lang='lat' dir='ltr'>lictoribus</span> <span class='ocrx_word' id='word_1_498' title='bbox 1925 4218 2186 4283; x_wconf 89' lang='lat' dir='ltr'>Pompeii,</span> <span class='ocrx_word' id='word_1_499' title='bbox 2207 4222 2344 4279; x_wconf 63' lang='lat' dir='ltr'>teste</span> <span class='ocrx_word' id='word_1_500' title='bbox 2379 4216 2619 4297; x_wconf 37' lang='lat' dir='ltr'>Plutarj</span> 
     </span>
    </p>
   </div>
  </div>
 </body>
</html>
