3100 4925
2405 382 2584 450 1695

386 553 583 620 quam
614 532 702 598 si⁶
745 554 890 599 non-
923 533 1127 612 Nero,
1179 532 1297 600 sed
1341 534 1637 600 Thrasea
1676 537 1965 619 regimen
2010 552 2238 604 eorum
2272 544 2579 609 tenerem

388 636 638 717 Quod?
680 638 739 700 si
767 657 1055 702 summa
1111 637 1629 702 dissimulatione
1668 640 2274 719 transmitterentur,
2314 648 2579 728 ‚quanto
2614 670 2627 677 ·

383 738 593 820 magis
631 738 949 802 ‘inanibus
1000 737 1465 803 abstinendum
1484 735 1536 801 ‘t’
1621 738 1919 804 Thrasea
1964 747 2215 818 contra,
2260 744 2577 811 rationem

383 841 812 922 poscentibus
859 839 1119 917 amiciS,
1169 843 1189 872 ‘
1218 860 1348 904 non
1387 843 1810 925 praesentium
1842 842 2181 925 ignarum‚’
2222 845 2576 928 responde·

383 940 518 1017 bat,
549 945 572 974 ‘
592 941 921 1024 ejusmodi
950 942 1251 1006 consulta
1278 942 1633 1023 corrigere3
1677 942 1797 1007 sed
1829 941 2101 1007 Patrum
2127 943 2353 1008 honori
2377 944 2574 1011 dare:

380 1045 456 1104 ut
483 1042 906 1106 manifestum
936 1042 1137 1119 fieret,
1187 1059 1575 1126 magnarum
1591 1061 1801 1107 rerum
1835 1063 2063 1108 curam
2086 1064 2220 1110 non
2263 1043 2575 1112 dissimu2

380 1141 658 1220 laturOS,
690 1145 805 1226 qui
830 1143 1117 1208 animum
1147 1144 1348 1207 etiam
1377 1144 1736 1208 levissimis
1765 1143 2218 1210 adverterent?

463 1244 572 1307 50.
620 1244 874 1309 Eodem
902 1265 1091 1322 anno,
1116 1246 1367 1308 crebris
1397 1247 1629 1330 populi
1653 1246 2201 1328 flagitationibus,
2221 1248 2575 1316 immodes-

377 1343 539 1409 tiam
588 1348 1099 1430 publicanorum
1144 1350 1495 1430 arguentiS,
1544 1348 1876 1414 dubitavit
1920 1348 2127 1426 Nero,
2176 1353 2199 1383 ‘
2225 1369 2311 1414 an
2336 1358 2573 1417 cuncta

383 392 442 446 J„
464 391 526 444 ο,
549 383 658 455 ⁵22]
684 423 692 430 .
1074 387 1483 438 ΑΝΝΑιιυΜ
1534 390 1678 439 ma.
1725 391 1901 441 xm.

378 1527 558 1580 ordine
580 1534 746 1593 gesta,
777 1544 838 1579 ac
862 1530 903 1580 si
935 1543 1037 1582 non
1061 1531 1223 1594 Nero,
1256 1531 1345 1581 sed
1368 1533 1604 1583 Thrasea
1638 1546 1817 1583 eorum
1833 1548 1970 1583 ουτω
2007 1533 2294 1597 praeesset?
2360 1532 2493 1585 Quae
2527 1532 2571 1581 si

377 1604 563 1656 magno
575 1594 779 1643 silentio
795 1591 1254 1658 dissimularentur,
1266 1605 1458 1661 quanto
1471 1598 1634 1661 magis
1654 1612 1737 1647 res
1758 1598 1967 1647 inutiles
1992 1596 2414 1646 transmittendas
2430 1599 2573 1646 esse?

378 1658 555 1705 Contra
581 1657 805 1721 Thrasea,
827 1658 1049 1708 instituti
1077 1660 1154 1708 sui
1181 1662 1409 1709 rationem
1427 1662 1695 1725 petentibus
1709 1660 2055 1723 familiaribus,
2089 1660 2380 1722 sufficiebat,
2400 1674 2450 1709 se
2470 1674 2574 1721 non

375 1720 590 1770 inscium
636 1728 922 1786 temporum
960 1723 1145 1773 talibus
1179 1723 1406 1774 decretis
1437 1726 1830 1787 contradicere3
1864 1726 1956 1775 sed
1991 1726 2209 1775 Patrum
2244 1724 2483 1789 dignitati
2515 1724 2572 1792 id

377 1785 623 1846 tribuere,
643 1794 699 1835 ut
722 1793 1045 1850 compertum
1067 1787 1226 1845 foret,
1264 1803 1560 1846 magnorum
1583 1791 1904 1853 negotiorum
1928 1791 2157 1853 regimen
2184 1803 2287 1839 non
2311 1787 2573 1839 transmis-

373 1862 518 1898 suros
542 1850 763 1911 silentio,
796 1851 882 1914 qni
905 1851 1131 1901 studium
1151 1854 1236 1901 vel
1256 1853 1567 1902 tenuissimis
1588 1854 1726 1903 rebus
1746 1854 2108 1917 adjungerent.

439 1913 612 1963 Iisdem
628 1916 901 1975 concidibus,
919 1923 1033 1965 orto
1043 1916 1291 1980 frequenti
1312 1923 1475 1980 questu
1491 1918 1641 1981 plebis
1658 1919 1918 1967 mamutio
1938 1918 2242 1980 cupiditatem
2262 1931 2320 1967 ee
2334 1915 2570 1965 sevitiam

370 1983 659 2041 exactorum,
678 1980 883 2042 agitarit
906 1981 1056 2042 Nero,
1090 1996 1154 2030 an
1178 1982 1377 2032 aboleri
1408 1983 1626 2047 juberet
1662 1982 1832 2032 omnia
1866 1982 2113 2047 portoria,
2150 1982 2306 2047 idque
2337 1977 2569 2045 magnifi-

1268 2109 1442 2140 e'eoeee
1449 2121 1652 2142 meoet

361 2217 402 2267 ὁ
433 2219 550 2269 Με.-
574 2220 705 2282 Reg.
741 2225 797 2269 et
830 2220 992 2269 editio
1013 2221 1272 2285 princeps,
1307 2221 1440 2285 quasi
1469 2236 1561 2270 non
1596 2222 1762 2283 Nero,·
1793 2229 1852 2273 ut
1880 2222 2089 2272 volebat
2121 2219 2407 2273 Acidaliae.
2440 2220 2567 2270 Bro-

368 2284 572 2332 tier.-7
613 2285 691 2331 ita
729 2285 854 2333 Mss.
881 2285 1019 2333 Flor.
1058 2287 1185 2361 Reg.
1228 2287 1375 2336 Harl.
1414 2285 1569 2336 Bodl.
1601 2287 1711 2352 des.
1745 2285 1922 2336 Guelf.
1954 2286 2115 2336 editio
2148 2285 2389 2348 princeps
2410 2290 2466 2334 et
2489 2298 2569 2334 re-

369 2346 643 2396 centiores,
727 2348 1040 2400 Puteolanus
1074 2350 1265 2414 aliique
1305 2350 1729 2413 emendaverant,
1759 2366 1879 2414 quoe,
1924 2350 2060 2414 quod
2101 2349 2356 2413 legerent,
2384 2363 2488 2410 quoe
2521 2349 2566 2397 si

365 2409 546 2525 agmina
578 2413 961 2525 diesjrbmlatione.
1046 2411 1120 2464 At
1153 2429 1332 2465 summa
1370 2424 1702 2478 opponuntur
1734 2414 1969 2480 inanibus,
1996 2419 2059 2466 ut
2095 2420 2237 2465 recte
2271 2411 2569 2482 observayit

412 2483 633 2525 rnestus.
732 2488 821 2526 em.

1354 2607 1574 2658 NOTAE

363 2717 487 2768 tive.
573 2719 669 2768 Est
711 2726 882 2769 tamen
926 2718 1012 2770 hic
1057 2715 1252 2787 aliquid
1318 2736 1418 2786 quo

362 2794 527 2843 tacite
542 2796 772 2859 arguitur
792 2798 992 2861 Paetus,
1025 2800 1169 2862 quasi
1195 2798 1307 2863 jam
1342 2799 1416 2848 in-

360 2868 539 2918 fensus
560 2871 759 2921 Neroni
782 2888 841 2922 ac
861 2872 1212 2923 dominationi.

424 2946 578 2997 Quod
600 2947 771 2998 innuit
790 2947 1112 2998 obtrectator
1123 2949 1202 2997 his
1219 2949 1414 2999 verbis:

360 3022 494 3085 quasi
524 3037 615 3072 non
655 3025 806 3085 Nero,
843 3026 925 3073 secl
967 3024 1173 3073 Thrasea
1210 3024 1419 3086 regimen

358 3096 522 3146 eor-uni
535 3101 715 3148 teneret
732 3096 757 3148 :1
805 3100 927 3155 Quoe
941 3100 984 3148 εἰ
1004 3114 1182 3148 summa
1204 3100 1418 3148 dissimu-

356 3172 532 3221 latione
553 3174 1002 3238 transmitterentur,
1023 3175 1104 3237 ὅτ.

423 3250 598 3302 Quare
633 3265 767 3300 vero-
782 3250 1189 3312 dissimulantur,
1224 3257 1314 3300 aut
1349 3251 1415 3299 si-

353 3326 516 3377 lentio
541 3329 979 3391 transmittuntur,
1015 3330 1110 3379 nisi
1133 3329 1253 3393 quia
1272 3345 1415 3393 sper-

351 3408 567 3465 nuntur,
611 3411 702 3454 aut
725 3404 843 3453 odio
876 3405 1150 3469 habentur,
1192 3411 1283 3455 aut
1321 3405 1415 3454 nisi

357 3493 423 3528 ex
448 3486 586 3529 metu
610 3481 954 3531 dominantis?

421 3554 710 3619 Respondit
730 3557 974 3620 Thrasea,
1010 3573 1060 3607 se
1090 3574 1182 3607 non
1210 3572 1416 3622 prcesen-

355 3630 478 3683 tium
517 3632 775 3694 ignarum5
807 3634 946 3696 quod
990 3633 1306 3698 ambiguum,
1345 3646 1409 3681 an

351 3706 403 3755 in
435 3706 622 3757 bonam
662 3724 726 3756 an
770 3710 954 3758 malam
985 3716 1183 3774 partem
1224 3708 1410 3758 intelli·

353 3789 477 3847 gat:
512 3784 690 3833 nonin
711 3784 914 3848 malam,
953 3801 1158 3849 prorsus
1196 3790 1409 3849 putave-

349 3859 487 3920 rIm;
521 3860 643 3924 quia
667 3868 774 3908 tum
806 3859 971 3910 adhuc
1009 3860 1409 3926 quinquennium

352 3935 580 3985 Neronis
617 3935 854 3998 durabat,
893 3951 995 4000 quo
1029 3935 1253 3998 optimos
1276 3935 1414 3999 prin·

351 4009 493 4074 cipes
514 4016 606 4059 ant
627 4009 855 4074 aequavit
877 4016 969 4060 aut
989 4009 1273 4073 superavit.

418 4083 483 4132 Id
506 4090 680 4133 tamen
703 4085 952 4148 Thrasea,
984 4084 1128 4151 quasi
1150 4091 1414 4149 suspecta-

352 4165 437 4210 ret
474 4159 748 4224 imperium
785 4160 933 4209 unius
972 4165 1062 4209 aut
1113 4173 1414 4224 paucorum,

351 4234 501 4301 quasi
514 4232 769 4286 diffideret
786 4234 1138 4303 dominationi,
1149 4250 1265 4302 qum
1280 4250 1413 4289 sem-

1506 2730 1605 2784 per
1629 2721 1797 2785 vergit
1820 2726 2090 2784 urgetque,
2112 2718 2207 2768 nisi
2229 2718 2401 2783 aliquo
2417 2718 2565 2769 obice

1507 2797 1813 2859 retineatur,
1833 2796 1929 2845 sub
1946 2810 2047 2860 qua
2069 2796 2233 2844 multa
2249 2793 2567 2844 dissimulan-

1505 2873 1592 2934 da,
1627 2887 1730 2922 non
1771 2878 1945 2920 tamen
1977 2870 2148 2920 omnia
2169 2869 2567 2920 transmittenda

1503 2948 1627 3010 sint,
1644 2948 1686 2996 si
1709 2945 2051 2997 constantiam
2084 2945 2344 2994 retineant
2365 2950 2563 3009 patres,

1497 3024 1540 3072 si
1558 3029 1765 3073 maneat
1785 3021 1952 3087 imago
1975 3021 2129 3085 Reip.
2532 3016 2539 3028 '

1562 3101 1820 3148 Pervicax
1842 3099 1993 3161 recti,
2027 3097 2253 3161 Reipub.
2275 3102 2332 3147 et
2349 3094 2562 3146 liberta·

1496 3177 1564 3227 tis
1585 3178 1811 3226 Thrasea
1851 3174 1967 3225 fuit.
2033 3174 2148 3223 Nec
2189 3174 2389 3236 mirum,
2421 3173 2464 3221 si
2503 3186 2561 3222 se

1495 3252 1712 3316 opponit
1736 3250 1958 3299 decretis
1976 3255 2183 3312 patrum
2203 3253 2258 3296 et
2275 3246 2562 3297 dominanti

1474 3329 1616 3394 ipsi,
1637 3329 1759 3378 iicet
1781 3327 1945 3376 adhuc
1970 3340 2052 3374 res
2073 3324 2332 3373 florerent.
2401 3326 2561 3389 Nem·

1497 3419 1563 3470 pe
1584 3404 1650 3454 ob
1675 3403 1922 3453 rationem
1943 3415 2094 3469 quam
2116 3400 2203 3449 ine
2227 3398 2400 3448 affert.
2524 3456 2531 3463 ³

1559 3480 1746 3545 Itaque
1768 3478 1990 3526 Thrasea
2021 3476 2264 3537 nondum,
2304 3482 2448 3539 puto,
2486 3474 2561 3525 in-

1495 3554 1675 3616 festae,
1730 3553 1958 3603 nondum
2003 3558 2277 3614 suspectus
2324 3552 2558 3606 Neroni:

1495 3630 1633 3694 quod
1655 3634 1855 3678 tantum
1887 3626 1986 3691 ipsi
2018 3627 2236 3689 contigit
2288 3641 2405 3675 cum
2427 3627 2558 3679 exiit

1495 3712 1700 3767 senatu,
1716 3703 1920 3769 quando
1940 3705 2081 3753 Nero
2105 3704 2274 3766 palam
2293 3703 2557 3769 consessus

1494 3789 1578 3833 est
1599 3782 1737 3846 apud
1752 3781 1938 3829 Patres
1962 3779 2294 3844 parricidium
2314 3793 2410 3843 per
2425 3779 2558 3844 epis-

1492 3860 1669 3908 tolarn.

1559 3931 1807 3983 Attamen
1834 3932 1943 3996 jam
1988 3937 2098 3980 tum
2134 3930 2361 3980 retinere
2385 3943 2555 3980 assen-

1493 4008 1745 4057 tationem
1799 4012 2009 4070 patrum
2061 4012 2118 4056 et
2153 3994 2552 4061 dominationem

1492 4084 1734 4134 cohibere
1774 4083 2031 4134 tentabat.
2098 4081 2400 4144 Habuitque
2436 4080 2551 4147 Jam

1491 4160 1876 4212 obtrectatores
1898 4157 2126 4222 virtutis,
2146 4156 2283 4207 forte
2303 4156 2415 4219 jam
2438 4163 2550 4211 tum

1488 4234 1814 4304 pervicacior
1868 4248 2022 4304 quam
2058 4232 2157 4289 sub
2187 4231 2426 4301 principe
2459 4232 2550 4299 de-
