3100 4925
501 417 680 482 1558

506 577 628 644 dit.
716 575 854 641 Sed
895 594 1106 659 neque
1154 576 1636 638 commeatibus
1677 575 1833 639 vim·
1858 574 2072 639 facere
2099 575 2338 658 potuit,
2376 579 2547 659 quia
2582 590 2719 661 pei·

505 682 757 743 montes
788 676 1212 754 ducebantur,
1245 677 1577 759 praesidiis
1607 679 1845 741 nostris
1876 679 2209 741 insessos:
2284 684 2350 741 et
2384 680 2711 759 Corbulo,

505 801 590 844 ne
618 781 867 844 irritum
904 780 1147 841 bellum
1176 779 1557 853 traheretur,
1588 784 1788 861 utque
1820 775 2185 842 Armenios¹
2204 779 2287 842 ad
2334 799 2461 843 sua
2491 781 2713 852 defen·

506 881 750 945 dendass
777 887 1060 962 cogeret,
1090 879 1482 944 exscindere
1534 891 1727 962 parat
1774 881 2066 944 castella.
2157 880 2456 963 Sibique,
2499 882 2709 964 quod¹

505 983 982 1047 validissimum
1014 984 1082 1045 in
1111 1002 1191 1046 ea
1220 982 1649 1060 Praefectura,
1681 988 2109 1064 cognomento
2148 979 2209 1043 V
2206 981 2548 1061 οἱαηᾰηηι,2
2590 1003 2712 1047 su-

508 1085 668 1166 mit;
730 1085 984 1148 minora
1013 1082 1322 1148 Cornelio
1353 1085 1605 1149 Flacco
1636 1080 1939 1167 Legat0,'⁸
1966 1091 2033 1148 et
2071 1084 2344 1150 Insteio³
2376 1084 2713 1169 Capitoni¹

1226 431 1286 475 c.
1333 427 1697 477 consumi
1740 428 2005 478 ‘raom
2395 434 2488 500 [Α.
2507 432 2575 485 u.
2595 437 2712 489 812.

505 1265 617 1329 quio
637 1263 959 1329 afferelmntur
984 1279 1072 1327 per
1102 1270 1296 1327 montes,
1311 1265 1485 1314 nostris
1502 1265 1784 1314 stationibus
1802 1266 2069 1329 jin-matos,-
2116 1271 2164 1315 et
2188 1267 2490 1328 Corbulone
2513 1266 2711 1326 frustra

508 1330 675 1378 bellum
690 1331 1028 1393 prohetaretur,
1044 1335 1093 1378 et
1110 1335 1162 1377 ut
1185 1331 1443 1393 impelleret
1462 1332 1711 1379 Armenios
1726 1331 1787 1378 ad
1805 1345 1891 1378 sua
1909 1334 2266 1394 propugnanda,
2284 1348 2415 1381 orces
2430 1347 2710 1407 expuguure

506 1394 694 1443 statuit.
761 1393 955 1456 Sibique
975 1394 1526 1459 destinotfirmissimum
1546 1395 1687 1455 hujus
1718 1395 1973 1457 provincioe
1994 1397 2282 1458 castellum,
2316 1397 2501 1444 nondne
2520 1389 2709 1448 Volan-

511 1458 650 1522 dum,
683 1461 730 1508 et
761 1458 917 1508 minus
936 1459 1096 1509 valido
1119 1460 1465 1522 oppugnanda
1487 1461 1639 1507 tradit
1666 1459 1885 1508 Cornelio
1907 1460 2082 1509 Flacco
2102 1461 2279 1524 legato,
2297 1466 2344 1510 et
2366 1461 2542 1511 Insteio
2568 1461 2708 1524 Capi-

1431 1600 1605 1620 O‘C‘O‘
1612 1601 1785 1621 ‘003⁴‘

574 1718 595 1764 1
655 1711 793 1768 Quod
832 1710 982 1761 abest
1035 1726 1068 1760 a
1120 1712 1227 1761 Ms.
1275 1710 1546 1763 Gunela-2
1596 1709 1682 1761 Ita
1727 1711 1856 1761 Mss.
1911 1710 2044 1770 Reg.
2092 1709 2230 1760 Bnd.
2264 1709 2425 1759 editio
2466 1710 2710 1775 princeps

508 1785 564 1826 et
605 1777 937 1827 recentiores.
1018 1776 1080 1824 In
1125 1777 1251 1826 Mss.
1300 1777 1444 1827 Harl.
1496 1777 1650 1825 Bodl.
1699 1776 1809 1826 JeS.
1864 1782 1921 1823 et
1973 1776 2313 1834 Puteolanus,
2360 1776 2709 1823 vallandam.—

508 1846 538 1889 3
591 1842 674 1891 Sic
714 1842 841 1890 Mss.
875 1841 1013 1888 Flor.
1055 1841 1184 1904 Reg.
1224 1842 1385 1890 editio
1435 1841 1679 1904 princeps
1712 1849 1768 1890 et
1801 1839 2133 1888 recentiores,
2215 1810 2550 1901 Puteolanus,
2585 1840 2711 1888 Isteo

512 1905 749 1968 Capitoni.
818 1906 949 1953 Mss.
989 1905 1138 1954 Harl.
1178 1906 1576 1954 Bodl.1nstello.
1736 1905 1894 1955 .Jes.
1938 1904 2150 1953 Viscello.
2218 1903 2443 1953 Brotier.
2533 1875 2709 1952 'Insteio

513 1969 756 2032 Capitoni,
795 1976 855 2017 ut
891 1968 1097 2016 videtur
1147 1976 1311 2019 recte.
1398 1971 1532 2018 Nam
1580 1971 1633 2018 in
1645 1906 2110 2031 1Ἰἰιιεει-ἰςηίόιιίΙιιιε
2162 1961 2370 2016 Insteius
2424 1973 2481 2016 et
2534 1961 2711 2017 Insteio

510 2033 733 2098 saepius.
787 2033 926 2097 apud
964 2033 1408 2083 Velleium11.16.
1450 2035 1658 2083 Insteius
1698 2035 1835 2083 Coto.
1900 2032 2125 2081 Videtur
2160 2032 2301 2082 idem
2336 2032 2426 2096 qni
2464 2044 2589 2084 xm.
2625 2036 2708 2082 9.

1496 2186 1720 2237 NOTAE

507 2304 725 2350 vocatur
763 2296 1049 2361 Tarabozan,
1079 2299 1203 2349 urbs
1241 2298 1569 2363 proefecturae

509 2363 841 2440 cognominis,
858 2376 909 2424 in
946 2376 1159 2425 Natolia
1183 2377 1391 2439 regione
1414 2378 1571 2440 impe·

506 2452 573 2502 rii
607 2451 808 2501 Tui-cici
831 2450 1072 2514 Asiatici,
1105 2459 1161 2503 et
1200 2453 1264 2503 ad
1302 2469 1441 2505 mare
1478 2455 1571 2505 Ni·

508 2542 655 2591 grum
676 2541 769 2576 seu
788 2528 983 2590 Majus.
1053 2530 1297 2580 Tillemon.

572 2614 597 2649 s
628 2607 711 2655 Ad
726 2620 813 2654 sna
832 2602 1143 2667 deliindendo]
1178 2606 1337 2670 Puto,
1358 2621 1471 2656 sese
1494 2613 1572 2656 tu·

507 2682 752 2733 tabantnr
772 2681 1014 2744 castellis,
1034 2696 1131 2731 nec
1168 2680 1279 2732 fere
1313 2683 1407 2732 tali
1432 2683 1570 2732 bello

508 2774 563 2812 se
583 2758 940 2810 immiscebant
957 2757 1061 2807 fide
1080 2757 1309 2823 ambigui
1323 2758 1570 2810 Armenii.

506 2834 583 2895 At
606 2834 852 2897 Corbulo,
882 2840 941 2884 ut
962 2849 1052 2885 eos
1074 2837 1355 2900 compellat
1388 2836 1454 2885 ad
1492 2851 1571 2884 re-

508 2913 712 2975 gionem
748 2927 893 2961 suam
937 2912 1223 2974 tutandam,
1248 2918 1302 2961 et
1334 2911 1572 2975 partibus

506 2987 751 3038 Romanis
768 2986 1077 3055 obstringat,
1093 2986 1397 3036 exscindere
1421 2995 1574 3051 parat

505 3062 754 3124 castella3
805 3062 995 3126 quibus
1039 3062 1227 3124 captis,
1270 3068 1415 3111 certe
1460 3070 1571 3112 tum

506 3132 801 3189 debuerunt
822 3144 878 3187 et
898 3153 1015 3188 suas
1037 3144 1094 3188 et
1114 3139 1369 3189 victorum
1392 3147 1572 3204 partes

505 3213 799 3287 necessario
820 3211 1122 3266 defendere.

573 3290 673 3347 Vel
705 3291 800 3353 sic,
822 3297 883 3340 ut
917 3304 1006 3340 eos
1041 3292 1105 3340 ad
1143 3291 1333 3343 bellum
1374 3291 1570 3355 eliciat,

507 3367 599 3432 qni
615 3373 871 3432 perpetuo
888 3365 1116 3432 fugaces,
1129 3376 1220 3418 aut
1237 3369 1412 3418 arduis
1430 3383 1571 3421 mon·

507 3446 637 3515 tium
657 3444 948 3506 latitantes,
962 3444 1222 3508 pugnandi
1245 3445 1447 3509 copiam
1465 3460 1570 3495 non

505 3519 727 3571 dabant:
780 3521 959 3586 sicque
993 3521 1181 3571 bellum
1216 3522 1570 3586 prolatabant,

506 3610 755 3661 spemque
777 3602 833 3646 et
862 3596 1107 3645 auxilium
1126 3604 1432 3647 extraneum
1454 3613 1571 3662 spe-

487 3672 824 3723 culabantur.
893 3674 977 3723 Sic
994 3688 1049 3724 se
1072 3681 1305 3737 gesserat
1325 3676 1571 3725 Lucullus

504 3746 751 3798 adversus
774 3746 979 3799 eosdem
998 3749 1193 3800 hostes.

535 3832 542 3836 ’
568 3825 652 3879 Aa
682 3840 768 3877 aaa
801 3822 1109 3888 defendenda]
1178 3826 1417 3877 Castellis
1437 3826 1570 3876 arci-

503 3901 706 3967 busque
724 3898 907 3950 nudati
924 3899 1156 3951 Armenii
1173 3917 1266 3955 sua
1285 3901 1584 3955 defendere*

506 3979 662 4031 etiam
696 3979 943 4031 adversus
966 3979 1189 4031 Parthos
1225 3981 1569 4044 cogebantur,

506 4062 565 4106 et
587 4054 820 4119 partibus
850 4054 1093 4107 Romanis
1114 4055 1361 4106 accedere
1380 4073 1395 4118 ;
1446 4062 1502 4106 et
1523 4056 1569 4106 si

504 4130 795 4193 vincerent,
840 4128 1031 4180 victori
1074 4129 1358 4182 Corbuloni
1405 4130 1572 4183 vince-

506 4207 635 4256 bant
654 4219 678 4257 s
717 4207 895 4273 sicque
916 4205 1088 4256 neutri
1127 4205 1265 4259 bello
1288 4214 1443 4273 atque
1461 4223 1570 4261 am-

509 4283 653 4350 bigui
673 4295 790 4333 esse
807 4280 1134 4336 desinebant.

1713 2302 1795 2351 Ad
1814 2316 1900 2350 sua
1918 2299 2231 2362 defendenda]
2244 2300 2463 2363 Nempe
2481 2298 2713 2350 Armenii

1651 2378 1855 2442 oppidis
1879 2387 1934 2427 et
1956 2379 2180 2428 castellis
2205 2394 2260 2427 se
2281 2392 2476 2442 suaque
2506 2371 2714 2441 recepe-

1650 2455 2176 2520 rant,eludebantque
2195 2451 2352 2518 grase
2367 2455 2714 2504 Romanorum

1651 2546 1835 2596 agmen
1859 2530 2000 2594 fuga,
2019 2539 2109 2580 aut
2130 2532 2550 2595 propugnaculis.

1713 2606 1790 2657 At
1814 2606 2058 2669 Corbulo,
2079 2614 2139 2656 ut
2158 2621 2244 2656 eos
2266 2611 2483 2670 cogeret
2520 2605 2587 2655 ad
2622 2619 2714 2656 sna

1650 2682 1996 2746 defendenda,
2031 2691 2088 2733 et
2119 2684 2184 2732 ad
2224 2683 2415 2732 bellum
2437 2683 2518 2730 vel
2543 2689 2713 2731 certa-

1649 2774 1767 2809 men
1791 2759 2033 2823 illiceret,
2050 2759 2307 2810 exscindit
2327 2759 2561 2820 castella,
2581 2772 2712 2822 prae-

1651 2835 1818 2899 daque
1841 2834 2058 2898 potitur,
2076 2849 2180 2898 qua
2207 2833 2426 2883 militem
2458 2833 2715 2883 imbueret

1651 2926 1712 2961 ac
1735 2911 1950 2973 ditaret,
1973 2911 2222 2974 simulque
2245 2909 2493 2974 spoliaret
2513 2908 2714 2959 hostem

1647 2987 1983 3052 vinceretque
2041 2986 2273 3051 fugaces,
2331 2991 2422 3035 aut
2476 2984 2709 3035 abditos.
2693 3000 2707 3012 ·

1650 3062 1830 3127 sicque
1851 3061 2109 3127 spoliabat
2147 3062 2297 3111 simul
2320 3068 2375 3111 et
2396 3060 2714 3121 Parthosstn

1649 3153 1866 3202 quorum
1915 3138 2152 3203 partibus
2192 3137 2371 3201 popuii
2406 3143 2464 3186 et
2502 3135 2717 3187 castella

1648 3216 1776 3278 ipsa.
1864 3232 1869 3237 ·

1712 3289 1739 3323 ¹³
1760 3292 1931 3340 flacco
1950 3290 2157 3354 Legato]
2178 3290 2281 3342 Qui
2304 3303 2491 3353 nempe
2512 3289 2713 3352 legatus

1649 3366 1866 3430 legionis
1889 3367 2118 3431 alicujus.
2182 3367 2372 3431 Neque
2414 3365 2551 3414 enim
2588 3363 2715 3421 alios

1647 3444 1850 3507 legatos
1887 3444 2113 3499 CorbuLo
2135 3441 2334 3505 habuit,
2357 3441 2443 3506 qni
2481 3438 2711 3504 pluribus

1648 3521 1934 3584 legionibus
1960 3526 2244 3584 praeessent
2267 3518 2363 3568 sub
2387 3517 2520 3581 ipso,
2541 3522 2603 3567 ut
2623 3515 2715 3565 ali-

1650 3597 1853 3661 quando
1870 3596 2030 3647 fiebat
2045 3597 2099 3646 in
2116 3596 2230 3645 aliis
2246 3595 2397 3645 bellis
2415 3593 2716 3656 majoribus.

1714 3671 1730 3705 ¹
1763 3674 1940 3722 Insteio
1960 3671 2207 3735 Capitoni]
2249 3671 2422 3733 Vulgo
2444 3669 2624 3725 Isieio,·
2656 3671 2714 3718 at

1650 3764 1718 3811 ex
1723 3752 1897 3841 ‘lapicL
1918 3752 2114 3802 Insteio.
2179 3750 2375 3800 Mirum
2397 3748 2447 3798 ni
2469 3747 2606 3797 idem
2627 3746 2718 3809 sit,

1650 3827 1739 3892 qui
1778 3842 1935 3892 supra
1973 3814 2232 3877 Hodoi-ius
2270 3825 2482 3889 dicitur,
2518 3824 2607 3873 ubi
2645 3823 2714 3877 de

1649 3904 1963 3967 recipiendis
1984 3902 2245 3953 obsidibus
2265 3908 2436 3951 actum
2454 3906 2554 3950 est.
2584 3901 2713 3950 Cer·

1652 3987 1703 4030 te
1726 3980 1900 4031 Vatic.
1940 3978 2075 4029 liber
2110 3994 2173 4029 eo
2209 3979 2335 4043 loci,
2358 3978 2577 4041 Histeus,
2608 3990 2712 4027 non

1649 4057 1907 4109 Honorius
1929 4057 2259 4123 praeferebat.

1678 4133 1831 4184 Nec
1852 4148 2082 4195 moveor,
2104 4133 2241 4199 quod
2276 4132 2349 4183 ibi
2383 4130 2618 4187 centurio
2636 4129 2716 4180 di-

1649 4208 1804 4274 nitur,
1824 4210 1909 4261 hic
1931 4209 2215 4274 prefectus
2228 4216 2543 4260 castrorum.
2606 4207 2714 4257 Po-

1650 4285 1755 4338 tuit
1774 4286 1914 4339 enim
1934 4286 2128 4338 honore
2149 4298 2262 4337 esse
2279 4293 2478 4338 auctus.
2540 4283 2679 4347 fin.
