3100 4925
507 397 683 466 1508

1200 411 1286 460 .C.
1334 409 1699 460 connium
1747 408 2035 457 TAmTr-

2379 414 2472 482 [Αῄ.
2496 414 2567 466 υ.
2590 418 2707 474 sm:

511 563 765 638 tarent:
806 578 889 623 ac
938 557 1354 622 verberibus·
1404 533 1640 619 manus
1685 555 1854 620 ultro
1900 552 2337 634 intenderent,
2364 551 2711 638 impulereb

513 755 580 791 au
600 755 751 806 aquo
780 741 904 805 jure
925 753 1043 791 cum
1064 738 1293 803 patronis
1322 737 1704 802 experirentur,
1733 750 1795 786 ac
1812 741 2021 800 paratas
2040 735 2107 785 ad
2129 734 2354 785 verbera
2371 747 2553 783 manus
2573 733 2712 782 ultro

1508 865 1722 918 No'rAE

509 983 719 1034 videtur
735 982 1133 1046 transpositione
1145 980 1438 1042 verborum,
1451 994 1568 1043 quae

512 1058 771 1108 medicina
808 1072 950 1122 saepe
1004 1056 1328 1116 necessaria,
1363 1069 1570 1103 sensum

511 1147 665 1197 posse
703 1132 944 1196 accipere
986 1128 1345 1179 commodum:
1415 1129 1476 1178 Vi
1508 1144 1572 1177 an

514 1222 643 1270 oeqtto
659 1222 763 1256 cum
778 1207 994 1270 patronis
1010 1205 1125 1266 jure
1144 1209 1359 1268 agerent,
1390 1220 1453 1253 an
1473 1219 1573 1253 oer-

514 1282 700 1334 beribus
737 1298 900 1333 manus
935 1284 1059 1331 ultro
1080 1282 1372 1330 intenderent
1409 1281 1571 1343 impel-

511 1361 733 1423 let-entre,
751 1360 1033 1416 sententiam
1058 1373 1216 1410 eorum
1236 1359 1571 1420 consultarent,

508 1450 695 1498 poenam
713 1450 845 1483 suam
876 1436 1214 1483 dissuadentes.

577 1510 847 1560 Subtilitas
871 1511 1050 1572 paucis
1083 1510 1265 1573 pervia
1303 1508 1497 1572 effecit,
1512 1514 1574 1557 ut

511 1587 626 1636 haec
656 1601 760 1635 non
783 1593 925 1636 recte
948 1585 1297 1636 scriberentur
1330 1599 1575 1649 caperen-

517 1669 720 1725 turque.
787 1663 976 1712 Nonne
1018 1661 1201 1710 mirum
1245 1666 1343 1724 est,
1382 1676 1446 1709 eo
1485 1675 1572 1709 au-

517 1737 679 1786 daciae
734 1739 1030 1802 pervenisse
1071 1737 1308 1800 libertos,
1361 1738 1573 1799 (nempe

516 1813 752 1880 principe
774 1815 906 1862 clam
944 1827 1031 1863 eos
1067 1811 1297 1873 fovente,
1333 1826 1435 1876 quo
1466 1811 1570 1868 vim

516 1894 812 1952 senatorum
854 1888 1176 1952 divitumque
1228 1884 1573 1949 infringeret,)

516 1972 575 2011 ut
614 1963 756 2027 ipsos
794 1968 1081 2025 senatore-5,
1126 1964 1269 2026 ipsos
1327 1971 1574 2026 patronos

516 2052 632 2086 suos
647 2044 897 2102 cogerent
910 2038 974 2086 de
992 2051 1052 2085 eo
1062 2037 1369 2085 sententiam
1384 2037 1574 2087 dicere.

580 2114 723 2175 Non,
767 2128 833 2162 an
856 2114 1219 2175 reverentiam,
1256 2111 1443 2173 officia,
1483 2113 1575 2162 ob-

516 2188 712 2253 sequia,
733 2195 951 2252 patrono
968 2187 1239 2245 deberent,
1257 2187 1411 2236 immo
1437 2189 1574 2252 quod

516 2274 597 2316 est
628 2268 866 2331 amplius,
891 2282 954 2315 an
978 2268 1166 2316 liceret
1186 2266 1405 2327 libertis,
1428 2265 1575 2316 fretis

518 2345 717 2394 scilicet
740 2344 870 2393 aulae
895 2345 1077 2406 gratia,
1112 2357 1290 2408 manus
1316 2342 1574 2391 intentare

515 2422 783 2486 patronis;
832 2422 975 2484 (vide
1016 2421 1201 2482 locum,
1241 2419 1328 2485 qui
1365 2421 1445 2468 est
1484 2432 1573 2469 ιιι.

517 2495 703 2545 Annal.
751 2496 1040 2558 argumenti
1074 2495 1304 2558 ejusdem
1327 2492 1366 2558 ς)
1399 2501 1455 2542 et
1483 2495 1574 2543 im-

517 2573 713 2635 pellere
757 2573 808 2619 in
845 2571 1059 2630 ruinam,
1096 2570 1138 2618 si
1180 2569 1321 2618 forte
1367 2571 1575 2633 patroni

519 2650 634 2712 plus
657 2649 934 2697 valentium
962 2647 1080 2696 odio
1115 2647 1377 2696 labascere
1409 2662 1576 2710 coepe·

518 2724 657 2774 rint?

582 2798 725 2851 Quid
771 2814 891 2848 vero
938 2797 1181 2863 iniquius,
1224 2812 1374 2864 qnam
1419 2797 1577 2861 ipsoS,

519 2889 735 2938 quorum
759 2874 823 2923 de
849 2874 1005 2938 justis
1038 2874 1199 2937 poenis
1238 2875 1576 2936 consultatur,

518 2953 687 3002 audiri
732 2954 873 3000 velut
919 2952 1161 3014 collegaS,
1206 2957 1295 2998 aut
1339 2951 1573 2999 tribunos

500 3027 1096 3092 “legemdissuadentes?
1164 3027 1383 3076 Grotius.

586 3103 705 3153 Non
723 3102 847 3159 satis
871 3101 936 3149 ad
962 3116 1067 3149 rem
1087 3098 1243 3160 forte,
1267 3117 1383 3150 cnm
1406 3101 1577 3151 innuit

516 3176 601 3227 bic
625 3167 842 3227 Grotius
876 3177 941 3225 de
982 3177 1098 3225 aula
1134 3174 1341 3225 favente
1387 3177 1577 3225 talibus

518 3254 792 3316 portentis.
862 3254 996 3302 Nam
1020 3253 1164 3301 Nero
1186 3252 1353 3301 adhuc
1394 3253 1446 3300 in
1471 3253 1575 3314 pri-

517 3328 613 3377 mis
648 3328 873 3392 quinque
910 3327 1057 3376 annis
1089 3326 1309 3389 imperii,
1331 3333 1385 3375 et
1405 3327 1579 3375 hacte-

516 3418 613 3464 nus
656 3404 850 3467 optime
888 3408 1095 3451 rexerat
1136 3402 1394 3466 Rempub.
1456 3417 1575 3452 usus

517 3480 744 3529 consiliis
767 3478 957 3528 Burrbi
979 3485 1034 3529 et
1054 3479 1284 3528 Senecae.

583 3554 835 3604 Manebat
883 3554 1049 3603 adhuc
1093 3555 1292 3618 species
1348 3554 1574 3617 Reipub.

518 3638 576 3680 et
597 3632 753 3680 etiam
788 3630 951 3678 libere
991 3631 1114 3679 talia
1142 3631 1460 3680 decernebat
1498 3646 1583 3680 se·

515 3710 689 3768 natus,
711 3713 765 3754 et
784 3720 942 3769 penes
965 3708 1223 3755 consulem
1244 3704 1344 3755 fuit
1362 3707 1476 3755 haec
1498 3722 1578 3756 re-

517 3780 658 3830 ferre
682 3781 749 3829 ad
772 3788 1025 3843 senatum,
1043 3789 1098 3830 et
1118 3783 1253 3832 ultro
1278 3785 1580 3844 decernere,

518 3859 637 3920 quae
662 3871 691 3904 e
731 3857 937 3919 Repub.
962 3856 1289 3918 videbantur,
1310 3872 1371 3906 ac
1394 3857 1579 3908 saevire

498 3931 571 3981 'in
603 3932 836 3994 libertoS,
889 3933 931 3980 si
986 3933 1197 3982 vellent.
1284 3933 1385 3982 Sed
1424 3933 1580 3996 pauci

517 4012 696 4072 patres
738 4008 1086 4072 querebantur
1123 4007 1188 4056 de
1227 4008 1502 4058 insolentia
1523 4009 1579 4057 li-

516 4082 805 4143 bertorum,
846 4083 996 4146 pauci
1019 4083 1304 4131 censebant
1339 4083 1580 4132 coercen-

516 4156 637 4207 dam
675 4173 788 4208 esse
827 4157 1125 4207 libertatem
1167 4170 1258 4207 seu
1311 4157 1576 4206 licentiam

519 4247 782 4285 servorum
817 4224 1269 4285 ‘manumissor-um.
1336 4230 1580 4285 Nondum

1649 977 1777 1028 talia
1813 977 2085 1039 satagebat
2109 977 2254 1027 Nero
2276 973 2505 1039 juvenis,
2543 974 2712 1038 impar

1649 1053 1817 1102 adhuc
1838 1060 1998 1102 tantae
2029 1066 2269 1101 curarum
2291 1050 2427 1100 moli.

1713 1130 1801 1178 De
1847 1130 1958 1177 sola
1992 1129 2079 1178 bic
2110 1128 2373 1191 pravitate
2404 1127 2711 1193 libertorum

1651 1204 1938 1255 coercenda
1962 1205 2234 1267 agebatur,
2253 1211 2307 1252 et
2326 1203 2552 1251 nondum
2572 1213 2710 1265 gras·

1650 1269 1863 1331 sabatur
1909 1280 2103 1329 malitia
2162 1278 2605 1342 imperitantium3
2655 1283 2713 1327 et
2786 1333 2795 1341 ‚

1651 1364 1780 1419 tum,
1817 1357 1862 1406 si
1897 1357 1985 1422 qui
2026 1356 2121 1405 viri
2170 1353 2454 1416 clarissimi,
2495 1353 2615 1404 dolo
2654 1360 2713 1420 eut

1653 1434 1867 1484 scelere.
1888 1432 2194 1496 Agrippinae
2218 1429 2375 1480 occisi
2401 1436 2539 1493 sunt,
2571 1430 2713 1482 nulla

1650 1516 1798 1559 certe
1849 1507 1991 1557 fraus
2056 1508 2359 1557 libertorum
2412 1505 2712 1555 intervenit.

1636 1586 1769 1635 «Nec
1801 1598 1866 1633 ea
1888 1583 2106 1649 quaestio
2144 1582 2442 1645 pertinebat
2463 1579 2531 1629 ad
2558 1578 2714 1629 liber-

1652 1667 1732 1709 tos
1756 1660 1968 1722 aulicos,
1991 1660 2075 1724 qui
2098 1659 2152 1707 in
2175 1657 2344 1722 gratia
2363 1657 2617 1720 flagranti.

1723 1735 1809 1798 Vi]
1861 1736 2004 1798 Lego
2044 1735 2152 1782 sic:
2212 1733 2279 1782 Ut
2318 1748 2401 1781 nec
2438 1733 2547 1793 jam
2580 1746 2713 1794 oequo

1651 1827 1757 1863 cum
1789 1812 2006 1877 patronis
2024 1810 2138 1871 ¹iure
2179 1814 2392 1872 agerent,
2433 1808 2717 1857 sententiani

1651 1902 1806 1936 eorum
1841 1886 2156 1947 confutarent,
2186 1891 2272 1934 aut
2304 1885 2569 1934 verberibus
2588 1886 2715 1933 ultro

1652 1977 1817 2012 manus
1855 1965 2153 2012 intenderent
2184 1964 2390 2025 impune,
2424 1963 2498 2030 vet
2530 1973 2715 2024 poenam

1651 2054 1784 2088 suam
1821 2040 2166 2088 dissuadentes.-
2200 2038 2346 2102 quasi
2371 2038 2586 2098 diceret,
2607 2050 2714 2085 ser·

1653 2129 1745 2163 vos
1771 2129 1873 2164 non
1911 2127 2084 2177 agere,
2119 2120 2178 2162 ut
2218 2112 2447 2176 aequales
2485 2127 2601 2161 cum
2646 2127 2714 2161 ε-

1654 2190 1905 2253 qnalibuS.
1972 2190 2098 2237 Esse
2134 2189 2259 2237 satis
2296 2188 2624 2249 impudentes
2660 2186 2717 2236 in

1655 2266 1978 2314 adversando
2001 2264 2272 2315 sententiis
2293 2264 2526 2322 illorum3
2562 2264 2714 2311 immo

1656 2347 1713 2391 et
1757 2342 1823 2390 ad
1875 2340 2206 2391 intentandas
2260 2354 2437 2388 manus
2491 2338 2714 2388 feriendi

1655 2432 1822 2467 causa.
2270 2435 2275 2438 ·

1664 2522 1670 2531 ·
1721 2491 2153 2559 Quandoquidem
2194 2499 2406 2557 possent
2429 2493 2541 2542 sine
2572 2500 2713 2542 metu

1654 2583 1819 2634 poenae
1839 2570 2140 2619 dissuadere
2160 2583 2340 2631 poenas
2381 2583 2508 2632 quas
2542 2575 2714 2617 essent

1653 2645 1847 2695 meriti.
1913 2645 2023 2696 Aut
2044 2646 2390 2709 impellerent,
2411 2651 2469 2694 ut
2484 2645 2571 2694 sic
2614 2643 2714 2693 ful-

1657 2722 1827 2771 cirent
1876 2722 2286 2786 instigarentque
2321 2735 2408 2769 eos
2451 2720 2536 2784 qui
2572 2718 2714 2769 fave·

1658 2804 1777 2847 rent
1796 2799 1993 2847 illorum
2018 2798 2332 2861 impunitati.
2399 2797 2639 2847 Harloeus.

1731 2875 1788 2923 Vi
1809 2890 1866 2924 ne
1881 2891 1945 2924 an
1966 2874 2115 2938 oequo]
2149 2873 2255 2923 Alii
2298 2874 2452 2922 aliter
2496 2874 2712 2936 legunt:

1664 2942 1735 2999 Ul
1752 2966 1836 3003 nec
1855 2967 1984 3013 aequo
2006 2966 2109 2999 cum
2137 2950 2351 3012 patronis
2370 2948 2488 3009 jure
2505 2952 2719 3013 agerent,

1654 3028 1736 3074 sed
1760 3026 1864 3088 jam
1887 3040 2043 3075 coram
2075 3027 2408 3088 consultarent,
2436 3040 2492 3073 ac
2511 3022 2716 3074 cerberi-

1656 3100 1741 3149 bus
1760 3116 1926 3150 manus
1943 3103 2068 3149 ultro
2089 3102 2399 3163 intenderent,
2423 3101 2610 3164 impune
2632 3101 2718 3149 'cel

1650 3192 1789 3239 poena
1810 3192 1894 3224 sua
1909 3180 2184 3238 gaudentes.
2251 3177 2335 3226 Sic
2358 3177 2617 3225 Muretus.

1727 3252 1794 3299 Ut
1815 3267 1904 3299 non
1927 3256 2150 3314 tanquam
2187 3266 2318 3314 aeqno
2357 3265 2462 3300 cum
2499 3252 2717 3314 patronis

1641 3327 1755 3387 jure
1775 3331 1984 3390 agerent,
2003 3330 2085 3376 sed
2104 3328 2211 3388 jam
2234 3342 2391 3375 coram
2416 3328 2718 3386 inndtarent,

1653 3419 1818 3452 manus
1875 3406 2000 3453 ultro
2045 3404 2359 3466 intenderent,
2411 3404 2600 3466 impune
2644 3404 2716 3453 cel

1648 3493 1835 3541 poenam
1853 3493 1986 3527 suam
2005 3479 2321 3541 despicientes.
2387 3477 2671 3527 Acidalius.

1728 3554 1792 3603 Vi
1844 3569 1905 3603 ne
1941 3570 2005 3603 an
2041 3569 2175 3617 oequo
2218 3569 2323 3603 cum
2357 3554 2572 3617 patronis
2594 3555 2718 3615 'jure

1655 3635 1868 3692 agerent,
1890 3630 2168 3679 sententiam
2209 3645 2366 3678 eorum
2385 3632 2716 3680 consultarent.

1657 3707 1738 3754 An
1770 3705 2036 3754 verberibus
2055 3710 2220 3754 manus
2247 3707 2373 3755 ultro
2406 3696 2718 3769 intenderent,

1657 3781 2004 3845 impellerentoe
2022 3797 2207 3846 poenam
2227 3797 2359 3831 suam
2379 3784 2714 3832 dissuadentes.

1655 3856 1744 3905 sic
1766 3856 1990 3907 Boxhor.
2016 3865 2069 3907 et
2087 3859 2395 3909 Gronovius.
2573 3872 2581 3877 ·
2664 3876 2667 3879 ’

1668 3950 1675 3955 “
1720 3941 1741 3966 ⁸
1774 3933 2068 3982 Sententiam
2092 3949 2250 3983 eorum
2272 3936 2607 3997 consultarent]
2626 3936 2715 3984 Sic

1658 4009 1806 4071 cepit
1840 4009 2095 4073 interpres
2119 4010 2409 4073 Hispanus·
2446 4011 2713 4059 Itautsen·

1657 4084 1858 4132 tentiam
1894 4083 2099 4147 ipsorum
2145 4089 2448 4148 patronorum
2487 4085 2716 4134 comulta-

1656 4163 1783 4223 rent,
1802 4175 1867 4208 an
1897 4159 2164 4209 verberibus
2198 4176 2280 4210 sen
2305 4162 2465 4224 plagis
2487 4161 2717 4225 accipien-

1658 4236 1736 4285 dis
1753 4237 1878 4284 ultro
1900 4249 2067 4284 manns
2092 4235 2167 4289 ilii
2183 4239 2450 4302 tenderent,
2468 4237 2711 4287 mentitte·
