3100 4925
500 385 672 451 1524

495 544 778 610 ferrent:
835 539 1054 606 medio
1104 541 1440 624 temporis„
1489 546 1720 606 contra
1782 542 2000 605 dicere
2046 540 2307 622 liceret3
2358 541 2588 625 deque,
2617 562 2703 614 eo,

498 642 827 710 Consules
873 640 1267 706 statuerent?
1356 639 1670 737 cohibita
1714 642 1961 706 arctius
2000 647 2066 706 et
2110 642 2434 710 AEdilium
2479 648 2707 726 potes-*f

503 751 635 824 tas,
653 746 1124 827 statutumque,
1155 746 1176 775 ‘
1202 747 1519 825 quantum
1537 743 1846 821 curules,¹3
1862 747 2179 828 quantum
2195 742 2441 827 plebeih
2468 744 2701 829 pigno-2

1205 398 1272 446 c.
1320 393 1684 466 connitur
1727 395 1980 447 'uem
2047 463 2054 472 .
2378 400 2701 472 [musio.
2764 468 2768 471 Α

497 915 754 967 tradieere
786 916 996 978 liceret3
1027 921 1189 981 atque
1227 915 1295 964 de
1329 929 1394 966 ea
1423 930 1480 965 re
1502 917 1739 966 consules
1750 915 2068 979 judicarent.
2137 917 2305 967 Etiam
2324 919 2580 968 wudu-ictu
2592 933 2696 968 arc-

494 995 594 1045 tius
612 996 870 1048 auctoritas
885 997 1114 1058 edilium,
1132 997 1468 1059 nudumque,
1506 1001 1754 1059 quantum
1784 996 2009 1058 curules,
2047 1002 2297 1061 quantum
2334 996 2545 1062 plebeii,
2584 997 2700 1062 pig-

1489 1122 1705 1175 No'rAE

1629 1239 1818 1289 beuter
1860 1244 2090 1302 acturos,
2132 1244 2191 1289 nt
2253 1239 2432 1289 aediles
2487 1239 2691 1290 fierent.

1630 1314 1831 1366 Quibus
1849 1329 1965 1364 cum
1989 1315 2053 1364 ab
2075 1314 2331 1364 universis
2354 1315 2536 1378 gratim
2557 1322 2692 1367 actae

489 1240 980 1305 prosequendosque
1011 1246 1337 1304 suppeteret,
1378 1239 1551 1290 oerari·

490 1329 575 1365 um
613 1316 836 1366 militare
869 1330 985 1365 cum
1021 1315 1365 1380 vectigalibus
1402 1316 1548 1365 novis

491 1388 752 1439 instituit!

554 1465 745 1514 AEroeii
765 1465 1061 1529 quaestorem]
1109 1469 1196 1517 De
1217 1467 1382 1531 prima
1403 1466 1547 1516 iusti-

490 1540 694 1588 tutione
742 1546 1060 1604 quaestorum
1098 1543 1290 1605 aerarii,
1340 1543 1415 1592 sic
1452 1544 1547 1592 Ul-

487 1617 630 1680 pian.
652 1616 710 1667 ff.
726 1617 763 1667 l.
785 1631 827 1667 1.
848 1617 961 1667 Tit.
987 1623 1071 1671 1⁸.
1106 1619 1123 1646 ‘
1146 1617 1309 1684 Origo
1327 1626 1548 1684 quaesto-

484 1692 626 1742 ribus
674 1693 915 1743 creandis
957 1694 1312 1759 antiquissima
1352 1701 1453 1759 est,
1494 1702 1550 1746 et

484 1782 638 1831 poene
655 1775 776 1818 aute
793 1784 971 1820 omues
990 1770 1338 1833 magistratus.
1357 1772 1547 1824 ,Iunius

486 1843 825 1894 Gracchanus
840 1843 932 1894 lib.
948 1858 1050 1896 vn.
1082 1846 1163 1896 De
1180 1846 1547 1909 potestatibus,

486 1919 652 1970 refert
667 1921 826 1970 etiam
842 1922 1025 1984 'ipsum
1063 1922 1336 1972 Romulum
1358 1928 1414 1973 et
1436 1923 1488 1974 N
1491 1937 1547 1972 u-

488 2001 626 2044 mam
647 1995 962 2059 Pompilium
985 1996 1136 2046 binos
1156 2002 1441 2062 quaestores
1460 1999 1550 2046 ha-

484 2070 677 2132 buisse,
712 2085 840 2135 quos
862 2072 964 2134 ipsi
994 2086 1098 2121 nou
1134 2086 1228 2121 sua
1264 2086 1416 2135 voce,
1451 2073 1547 2122 sed

486 2145 665 2208 populi
686 2144 931 2208 suffragio
953 2151 1211 2196 crearent.
1266 2146 1371 2195 Sed
1394 2147 1549 2197 sicuti

485 2219 698 2270 dubium
726 2226 842 2282 est,
885 2235 972 2283 an,
1012 2221 1233 2271 Romulo
1276 2226 1331 2269 et
1372 2223 1545 2272 Numa

486 2296 748 2361 Pompilio
778 2297 1134 2361 regnantibus,
1168 2302 1397 2362 quaestor
1432 2296 1546 2347 fue-

481 2372 570 2435 rit,
592 2370 687 2435 ita,
715 2373 861 2422 Tullo
896 2373 1122 2424 Hostilio
1142 2387 1288 2436 rege,
1319 2379 1542 2437 quaesto-

481 2457 565 2495 res
585 2446 744 2498 fuisse
782 2454 983 2498 certum
1020 2455 1135 2499 est:
1182 2454 1239 2498 et
1271 2463 1396 2498 sane
1428 2464 1544 2499 cre·

479 2519 621 2568 brior
647 2522 787 2583 apud
825 2528 1027 2571 veteres
1068 2522 1245 2586 opinio
1283 2528 1364 2572 est
1404 2523 1538 2574 Tull.

480 2593 757 2644 Hostilium
795 2595 1017 2660 primum
1053 2598 1106 2645 in
1146 2597 1407 2661 Rempub.
1448 2613 1537 2648 eos

476 2668 757 2721 induxisse.
847 2672 918 2721 Et
957 2686 989 2720 a
1034 2682 1225 2734 genere
1273 2673 1538 2734 quaerendi

477 2750 763 2809 quaestores
825 2744 973 2796 initio
1020 2746 1208 2809 dictos,
1246 2746 1437 2798 Junius
1482 2753 1538 2798 et

476 2819 746 2870 Trebatius
768 2825 826 2871 et
845 2821 1143 2872 Fenestella
1163 2821 1430 2873 scribunt.'

544 2893 568 2929 f
593 2896 655 2945 Ῑπ
692 2897 907 2960 publicas
938 2898 1147 2960 tabulas]
1213 2898 1374 2960 Puto,
1418 2898 1538 2963 quia

474 2982 579 3019 uon
615 2970 949 3020 solvebantur
984 2973 1214 3032 mulctae,
1250 2972 1429 3021 statim
1463 2979 1540 3022 at-

477 3059 579 3107 que
600 3044 814 3094 indictae
855 3052 1030 3095 essent
1068 3062 1100 3094 a
1136 3047 1390 3108 tribunis;
1442 3048 1537 3098 sed

476 3125 606 3181 tum,
650 3133 767 3168 cum
812 3134 844 3167 a
887 3120 1230 3184 quaestoribus
1275 3123 1446 3172 aerarii
1481 3124 1534 3174 in

473 3193 710 3258 publicas
744 3195 946 3245 tabulas
985 3197 1166 3246 relatae
1189 3204 1396 3258 essent3
1437 3199 1535 3249 ita·

472 3282 575 3333 que
637 3271 995 3321 conceduntur
1050 3278 1274 3336 quatuor
1329 3287 1530 3325 menses

472 3350 593 3408 post
613 3347 829 3396 mulctas
867 3348 1053 3410 dictas,
1081 3349 1221 3398 intra
1242 3350 1380 3414 quod
1400 3356 1528 3401 tem-

468 3433 567 3482 pus
590 3423 947 3473 contradicere
967 3424 1122 3474 liceat
1141 3425 1378 3476 tribunis.

534 3503 562 3539 8
595 3498 837 3554 Quantum
869 3499 1072 3562 curules]
1124 3501 1211 3550 Sic
1245 3501 1375 3551 dicti
1408 3502 1529 3567 quia

469 3572 583 3620 seua
613 3576 765 3623 cundi
796 3581 1103 3636 uterentur3
1155 3591 1281 3640 quos
1324 3578 1528 3627 Plutar-

471 3646 593 3694 chus
611 3647 667 3695 in
689 3649 860 3698 Mario
878 3649 1076 3710 maiores
1095 3652 1256 3700 aedt'les
1278 3654 1527 3717 appellat,

419 3780 423 3783 Δ
467 3720 522 3769 hi
545 3722 857 3771 creabantur
888 3739 956 3773 ex
993 3726 1243 3787 patriciis.
1293 3727 1525 3796 Liviusl.

468 3809 547 3844 vr.
593 3796 610 3827 ‘
633 3797 764 3845 Cum
788 3799 1066 3848 concordia
1087 3800 1225 3849 inter
1246 3801 1449 3862 plebem
1472 3809 1527 3851 et

465 3875 641 3934 patres
682 3872 831 3937 inita,
873 3882 1082 3923 senatus
1124 3875 1273 3923 ludos
1318 3876 1371 3923 in
1411 3878 1524 3940 ejus

465 3947 713 3997 bonorem
736 3948 1073 4012 decrevisset,
1088 3956 1144 3997 et
1164 3949 1337 4000 aediles
1357 3953 1525 4016 plebis

1627 1397 1819 1451 essent,
1839 1389 2037 1440 factum
2075 1392 2595 1455 senatusconsultum,
2631 1398 2693 1442 ut

1628 1463 1755 1515 duos
1773 1465 1910 1515 viros
1932 1465 2108 1515 aediles
2126 1480 2194 1515 ex
2212 1465 2447 1529 patribus
2465 1465 2691 1517 dictator

1627 1540 1871 1603 populum
1893 1540 2143 1604 rogaret.²

1690 1615 1884 1665 Munus
1906 1617 2111 1665 illorum
2132 1615 2235 1665 fuit
2266 1615 2416 1667 ludos
2447 1631 2614 1668 sacros
2634 1625 2693 1670 et

1627 1690 1864 1739 solennes
1882 1691 2156 1741 instituere
2174 1698 2232 1741 et
2252 1705 2553 1756 procurare,
2566 1694 2697 1754 adi-—

1627 1779 1713 1814 um
1751 1780 2013 1816 sacrarum
2051 1771 2108 1815 et
2149 1766 2468 1830 privatarum
2511 1783 2700 1834 curam·

1624 1843 1834 1892 babere.
2453 1863 2458 1868 ·
2680 1887 2687 1894 .

1693 1919 1804 1968 Cic.
1839 1918 1895 1968 in
1928 1918 2182 1968 Verremz
2232 1917 2251 1946 ‘
2271 1919 2427 1968 Nunc
2460 1932 2572 1969 sum
2594 1920 2694 1972 ide·

1621 1991 1856 2057 signatus
1878 1988 2065 2057 aedilis,
2083 1994 2248 2044 habeo
2269 1995 2547 2060 rationem,
2561 1997 2689 2062 quid

1621 2083 1653 2116 a
1675 2070 1869 2132 populo
1891 2069 2041 2119 Rom.
2063 2070 2375 2134 acceperim,
2388 2072 2515 2121 mihi
2535 2071 2707 2143 ludos,

1620 2144 1969 2194 sanctissirnos
1991 2145 2219 2194 maxima
2234 2159 2353 2194 cum
2368 2160 2493 2196 cura
2509 2153 2566 2197 et
2583 2162 2687 2206 ουρ

1618 2218 1834 2277 rimonia
1879 2220 2076 2282 Cereri,
2117 2219 2332 2284 Libero,
2375 2221 2690 2288 Liberaeque

1619 2292 1916 2345 faciendos:
1967 2294 2092 2343 mibi
2126 2295 2334 2345 Floram
2359 2301 2576 2347 matrem
2598 2313 2690 2362 po-

1621 2367 1743 2431 pulo
1764 2369 2007 2434 plebique
2030 2369 2184 2419 Rom.
2205 2370 2443 2421 ludorum
2473 2372 2689 2424 celebri-

1622 2449 1732 2493 tate
1777 2445 2116 2508 placandam:
2189 2447 2314 2497 mihi
2360 2448 2512 2499 ludos
2557 2450 2689 2501 anti·

1622 2520 1908 2586 quissimus,
1928 2522 2018 2586 qui
2042 2522 2195 2587 primi
2216 2524 2436 2577 Romani
2458 2533 2581 2575 sunt
2599 2541 2687 2579 no-

1618 2595 1820 2661 minati,
1841 2596 2068 2647 maxima
2090 2611 2208 2647 cum
2246 2598 2504 2663 dignitate
2524 2617 2586 2652 ac
2606 2616 2686 2652 re·

1618 2670 1808 2732 ligioue
1861 2671 2003 2734 Jovi‚
2053 2671 2268 2736 Junoni,
2324 2674 2683 2747 Minervaeque

1616 2759 1732 2796 esse
1762 2744 2065 2797 faciendos:
2119 2749 2247 2798 mihi
2278 2765 2544 2805 sacrarum
2564 2754 2688 2811 aedi,-

1521 2864 1526 2869 .
1616 2836 1700 2872 um
1719 2824 2153 2888 procurationem,
2170 2825 2296 2875 mihi
2320 2831 2482 2877 totam
2500 2828 2685 2883 urbem

1616 2897 1862 2949 tuendam
1907 2913 2023 2951 esse
2066 2901 2404 2954 commissam.
2473 2903 2561 2954 Ob
2596 2918 2687 2974 eag

1616 2989 1728 3025 rum
1758 2990 1931 3026 rerum
1966 2977 2197 3031 laborem
2219 2985 2278 3028 et
2299 2980 2677 3035 solicitudinem

1616 3048 1818 3099 fructus
1834 3051 1950 3102 illos
1970 3051 2138 3116 datos,
2159 3052 2500 3118 antiquiorem
2523 3055 2577 3104 in
2598 3070 2695 3105 se«

1616 3131 1744 3174 natu
1785 3128 2058 3177 sententiae
2094 3128 2331 3182 dicendae
2369 3131 2558 3193 locum,
2586 3137 2680 3186 :to-

1617 3216 1734 3264 gam
1771 3210 2102 3268 praetextam,
2123 3205 2303 3254 sellam
2335 3207 2680 3278 curulem‚jus

1611 3277 1848 3341 imaginis
1869 3279 1936 3328 ad
1957 3279 2255 3331 memoriam
2290 3282 2678 3346 posteritatem*

1610 3366 1711 3415 que
1735 3353 2093 3414 prodendam.'
2162 3354 2350 3405 Sacros
2387 3356 2699 3419 illosludoa

1610 3439 1705 3490 pro
1756 3428 1908 3477 modo
1952 3429 2251 3491 patrimonii
2307 3437 2364 3481 et
2403 3422 2676 3495 diguitatis

1608 3516 1715 3552 suae
1740 3504 2105 3566 procurabant.
2497 3558 2503 3565 ,
2655 3538 2667 3557 .

1673 3575 1698 3609 ¹¹
1730 3574 1977 3633 Quantim
2031 3580 2210 3643 plebei]
2271 3581 2467 3631 AEdiles
2509 3584 2676 3648 plebis

1609 3653 1759 3718 dicti,
1804 3655 1942 3719 quod
1982 3669 2013 3704 e
2058 3657 2214 3720 plebe
2256 3657 2574 3723 crearentur,
2615 3667 2673 3717 et

1608 3730 1772 3792 plebis
1833 3732 2031 3796 proprii
2093 3733 2422 3796 magistratus
2481 3741 2671 3786 essent..

1608 3807 1880 3870 Originem
1935 3822 2114 3861 eorum
2164 3811 2412 3863 describit
2447 3812 2672 3876 Dionys,

1605 3882 1783 3932 Halic.
1800 3884 1892 3933 lib.
1915 3898 1993 3933 vr.
2046 3886 2063 3912 ‘
2084 3885 2214 3934 Cum
2246 3886 2379 3935 inita
2400 3887 2540 3947 inter
2577 3901 2668 3952 pa-

1607 3962 1713 4008 tres
1747 3967 1801 4009 et
1823 3959 2023 4023 plebem
2047 3960 2345 4025 concordia,
2377 3962 2525 4025 plebs
2547 3977 2666 4027 qua

464 4035 521 4071 se
554 4036 645 4073 eos
677 4022 906 4073 facturos
946 4034 1287 4089 recusassent,
1322 4030 1523 4079 concla·
1582 4033 1659 4082 siu
1681 4040 1909 4085 montem
1947 4050 2148 4086 sacrum
2186 4036 2489 4101 secesserat,
2507 4038 2559 4086 in
2581 4053 2668 4088 ur·

462 4103 673 4148 marunt
710 4098 923 4169 patricii
953 4099 1199 4163 juvenes,
1251 4117 1308 4151 se
1342 4102 1399 4152 id
1435 4105 1524 4155 ho-

463 4170 604 4223 noris
646 4173 817 4229 Deum
856 4173 1215 4228 immortalium
1268 4192 1425 4230 causa
1466 4180 1524 4233 li-
1554 4200 1561 4209 ·

1603 4108 1723 4158 bem
1743 4109 2002 4172 rediisset,
2024 4116 2080 4159 et
2115 4111 2450 4175 impetrasset
2467 4129 2669 4169 amena?

1604 4190 1679 4251 tu,
1702 4190 1767 4259 ut,
1780 4184 1968 4245 liceret
1983 4185 2082 4238 sibi
2101 4187 2375 4252 quotannis
2392 4203 2424 4240 e
2441 4204 2667 4271 saecat.-
