3100 4925
465 394 641 465 1268

468 555 556 625 a'd
584 553 900 620 Burrum⁸
947 549 1334 632 Afranium,-
1360 554 1637 636 egregiae
1665 552 1970 618 militaris
1995 550 2219 631 famae,
2249 568 2523 633 gnarum
2550 556 2661 617 ta-

468 677 639 738 men,
689 656 885 740 cuj-us
935 661 1168 738 sponte
1195 654 1705 751 praeficeretur.⁰²
1792 653 1997 717 Suum
2028 671 2293 739 quoque
2320 651 2660 735 fastigium

470 754 840 839 Agrippina
885 756 1195 820 extollere
1251 756 1483 821 altius:
1557 760 1870 838 carpento
1927 754 2323 837 capitolium·
2363 752 2663 834 ingredi,1¹

1182 408 1250 458 c.
1292 407 1660 460 sennenn·
1696 404 1955 458 uem
2334 409 2429 477 [A.
2448 410 2520 463 υ.
2543 394 2657 463 ἐὀσ.

468 939 550 984 tur
579 949 695 984 eura
712 934 971 985 cohortium
1005 934 1058 982 in
1079 932 1323 982 Bau-rhum
1360 931 1630 993 Afranium,
1669 930 1777 981 belli
1794 916 1939 991 'suma
1958 931 2268 994 conspicuum,
2302 930 2428 979 haud
2464 929 2664 979 inscitum

468 1002 647 1060 tamen,
666 997 972 1058 cuiussavore
986 1001 1350 1060 preponeretur.
1413 995 1562 1044 Suam
1582 1010 1756 1058 quoque
1791 995 2072 1056 dignitatem
2104 994 2291 1043 evehere
2311 994 2455 1043 ultius
2481 994 2664 1069 ᾼςήρ-

459 1063 584 1127 pinu
604 1063 801 1126 coepit3
830 1066 880 1111 et
911 1066 1130 1125 carpento
1170 1059 1453 1124 Capitolium
1491 1060 1666 1121 invehi,
1697 1061 1818 1122 quod
1847 1059 1932 1118 J’us
1959 1058 2277 1133 sacerdotibus
2314 1064 2362 1106 et
2382 1072 2532 1107 sacrus
2551 1057 2665 1108 olan

1396 1184 1751 1207 oeeeobeemo

468 1268 771 1325 Suetonium
811 1269 941 1319 Ner.
962 1284 1012 1318 c.
1036 1271 1118 1318 35.
1147 1267 1166 1296 ‘
1187 1269 1487 1334 Privignum
1508 1264 1749 1321 Rufinum
1772 1266 2062 1331 Crispinum
2079 1268 2311 1330 Poppoea
2343 1271 2542 1328 natum,
2570 1265 2665 1315 im-

472 1335 721 1399 puberem
741 1332 927 1395 adbuc,
946 1333 1070 1396 quia
1091 1331 1357 1382 ferebatur
1381 1333 1598 1381 ducatus
1621 1339 1677 1381 et
1695 1331 1763 1380 im
1803 1331 1912 1381 eria
1943 1332 2142 1392 ludere,
2162 1330 2493 1394 mergendum
2516 1330 2664 1391 mari,

472 1396 597 1447 dum
633 1399 938 1460 piscaretur,
957 1396 1118 1445 servis
1141 1397 1301 1459 ipsius
1319 1395 1649 1445 demandavit
1670 1395 1701 1443 τ’
1733 1347 1822 1443 ugi
1842 1396 2050 1443 omnino
2079 1394 2422 1454 scribendum,
2447 1394 2663 1459 Rufinam-e

473 1459 727 1525 quomodo
748 1461 799 1509 in
821 1459 987 1508 tribus
1026 1460 1234 1521 scriptis
1271 1459 1436 1509 codd.
1469 1474 1524 1508 se
1570 1458 1822 1521 reperisse
1859 1464 2079 1508 testatur
2109 1459 2433 1519 Torrentius,
2454 1459 2518 1505 ad
2538 1471 2665 1522 qnos

473 1525 678 1575 accedit
711 1524 837 1573 Cod.
860 1523 1052 1571 Pithoei
1076 1523 1284 1586 propius
1307 1537 1457 1588 quam
1482 1523 1546 1571 ad
1580 1523 1858 1585 vulgatam,
1890 1521 2120 1582 Rufrium
2142 1522 2388 1571 exhibens
2411 1529 2545 1569 teste
2568 1520 2665 1570 Ca·

473 1588 700 1637 sanbono
721 1604 733 1635 :
767 1585 1024 1651 quomodo
1047 1587 1201 1635 etiam
1222 1588 1379 1636 semel
1400 1596 1557 1651 atque
1577 1588 1765 1635 iterum
1778 1585 1936 1634 habet
1954 1586 2081 1635 Cod.
2101 1584 2240 1634 Flor.
2262 1585 2395 1648 apud
2413 1585 2667 1639 Tacitum.

474 1650 753 1714 Privignus
776 1651 912 1698 enim
932 1651 1030 1698 iste
1054 1651 1272 1699 Neronis
1289 1664 1408 1699 cum
1429 1649 1564 1699 filius
1583 1649 1746 1699 fuerit
1765 1650 1916 1713 hujus
1943 1649 2076 1724 Rufii
2099 1650 2326 1712 Crispini,
2343 1655 2399 1697 et
2415 1649 2665 1712 Poppaeae

474 1714 699 1777 Sabinae,
723 1718 804 1776 13,
824 1718 909 1775 45,
929 1718 979 1762 6.
1001 1713 1203 1778 Rufinus
1217 1714 1465 1777 appellari
1486 1714 1621 1762 haud
1635 1714 1824 1776 potuit.
1859 1713 2189 1777 Rycluase-ss
2223 1713 2349 1761 Mss.
2368 1713 2505 1762 Flor.
2530 1711 2665 1773 Reg.

476 1788 533 1829 et
553 1779 714 1829 editio
728 1779 986 1841 princeps.
1053 1779 1138 1826 De
1160 1779 1260 1826 alio
1281 1792 1504 1842 quoque,
1544 1777 1636 1826 sed
1659 1777 1891 1840 ejusdem
1927 1777 2163 1836 nominis,
2201 1777 2337 1839 apud
2361 1775 2665 1836 Gruterum,

476 1852 634 1894 evin.
657 1857 709 1891 n.
732 1847 783 1891 4.
806 1842 934 1890 Im».
967 1841 1254 1891 Commono
1278 1855 1344 1891 ιιι
1371 1854 1439 1890 ετ
1473 1843 1670 1890 Bomio
1686 1853 1798 1891 cos.
1865 1841 2181 1890 Puteolanus
2203 1849 2258 1888 et
2286 1841 2414 1888 Mss.
2437 1838 2585 1887 Harl.
2604 1845 2668 1888 et

476 1906 589 1958 Jes.
625 1907 887 1955 Bur-rhum.
932 1905 1159 1954 Brotier.
1182 1906 1453 1955 Hactenus
1484 1905 1631 1953 Burri
1652 1919 1835 1954 nomen
1858 1905 1909 1952 in
1934 1904 2167 1953 omnibus
2190 1903 2516 1953 Editionibus
2541 1902 2667 1950 scri-

477 1969 701 2018 bebatur
737 1984 832 2031 per
874 1969 1236 2030 aspirationem
1275 1976 1392 2029 post
1419 1969 1654 2016 caninam
1698 1969 1930 2027 alteram,
1989 1968 2167 2029 procul
2212 1967 2367 2016 dubio
2407 1966 2667 2015 mendose.

479 2026 667 2095 Neque
700 2033 836 2079 enim
859 2030 958 2078 hoc
983 2031 1122 2080 soliti
1153 2031 1372 2079 Romani
1413 2030 1513 2079 nisi
1551 2031 1605 2078 in
1651 2031 1860 2079 vocibus
1883 2030 2156 2079 manifeste
2192 2030 2410 2078 Graecis.
2476 2030 2670 2078 Barrus

474 2102 649 2147 autem
670 2094 768 2142 etsi
791 2094 992 2143 Graecae
1016 2094 1227 2156 originis
1249 2100 1407 2142 tantae
1445 2093 1770 2156 antiquitatis
1794 2109 1895 2142 vox
1917 2100 2017 2153 est,
2040 2099 2096 2142 ut
2120 2108 2213 2157 pro
2236 2093 2477 2155 indigena
2506 2092 2669 2143 fuerit

464 2158 670 2217 habita,
709 2170 810 2205 non
847 2157 1002 2205 aliter
1032 2171 1184 2220 quam
1218 2157 1391 2216 Roma,
1430 2162 1485 2205 et
1508 2157 1718 2216 similes,
1750 2157 1825 2205 uti
1863 2171 1930 2205 ex
1951 2157 2104 2206 Festo
2127 2162 2295 2219 patet,
2318 2157 2454 2220 apud
2480 2171 2630 2222 quem
2650 2173 2666 2205 ι

474 2224 491 2250 ‘
515 2223 729 2270 Bar-mm
750 2218 993 2268 dicebant
1016 2220 1235 2284 antiqui,
1269 2219 1406 2283 quod
1441 2234 1578 2269 nunc
1601 2218 1815 2269 dicimus
1850 2219 2024 2278 rufum.
2091 2221 2243 2270 Unde
2277 2221 2456 2269 rustici
2475 2220 2668 2268 barram

476 2285 744 2349 appellant
765 2283 1017 2346 buculam,
1070 2299 1148 2332 ωε
1165 2288 1384 2332 rostrum
1408 2283 1560 2332 habet
1579 2282 1765 2339 rufum.
1820 2284 1948 2333 Pari
1971 2282 2119 2333 modo
2143 2283 2329 2332 rubens
2348 2284 2467 2333 cibo
2489 2299 2550 2332 ac
2574 2298 2666 2347 po-

477 2349 619 2399 tione
663 2360 747 2396 ex·
772 2344 1008 2411 prandio,
1034 2298 1205 2396 zan-us
1226 2344 1552 2410 appellatur?
1587 2346 1791 2411 Fragm.
1830 2348 1896 2396 de
1919 2347 2222 2397 Nominibus
2243 2364 2255 2396 :
2290 2349 2306 2375 ‘
2326 2347 2671 2412 Antiquarum

475 2413 748 2463 mulierum
771 2413 823 2459 in
848 2425 941 2459 usu
963 2408 1225 2475 frequenti
1250 2412 1565 2475 praenomina
1586 2409 1814 2473 fuerunt,
1835 2411 2050 2473 Rutilia,
2094 2411 2331 2469 Caesella,
2364 2412 2668 2474 Rodocella,

476 2477 738 2535 Murcum,
759 2477 923 2523 Burra
945 2489 976 2522 a
993 2477 1164 2524 colore
1181 2475 1357 2524 dicta?
1420 2475 1669 2524 Similiter
1702 2476 1955 2524 bart-unica
1976 2482 2031 2524 et
2052 2475 2346 2524 bun-unicam
2384 2476 2520 2538 apud
2547 2476 2668 2525 Fes-

478 2546 587 2588 tum
609 2538 718 2586 sine
735 2537 1063 2600 aspiratione.
1151 2539 1327 2589 Quare
1356 2553 1471 2587 cum
1492 2539 1623 2586 Mss.
1654 2540 1782 2600 Reg.
1808 2544 1865 2586 et
1901 2553 2046 2587 meus
2080 2539 2188 2586 sine
2220 2539 2532 2600 aspiratione
2560 2539 2670 2587 ubi·

477 2616 578 2669 que
611 2601 847 2651 scribant
898 2601 1102 2663 Bam,
1154 2614 1256 2649 non
1310 2601 1542 2651 dubitavi
1590 2602 1770 2650 horum
1808 2602 2174 2651 auctoritatem
2208 2602 2370 2666 sequi.
2434 2602 2669 2666 Ryckias.

1455 2747 1670 2799 No'rAE

476 2872 585 2921 ore,
626 2861 681 2908 et
716 2867 955 2910 'novercae
1004 2854 1218 2909 consilia
1256 2869 1357 2910 non
1393 2860 1532 2909 ultra
1610 2855 1669 2906 s‘a
1691 2856 1922 2920 Augustae
1953 2863 2237 2921 cognomen
2265 2853 2364 2907 sibi
2386 2857 2672 2907 vindicavit

477 2940 768 3002 scrutatum
793 2941 849 2984 et
883 2935 1248 2984 ‘intentiorem
1278 2933 1393 2983 fore
1431 2930 1533 2983 dis·
1609 2934 1927 2995 Messallina,
1963 2934 2089 2983 licet
2126 2935 2357 2983 Caesares
2387 2933 2667 2994 genuisset.

473 3009 716 3072 ciplinam
757 3017 1080 3059 asseverante
1111 3009 1308 3068 uxore,’
1342 3009 1532 3058 fidelis-

475 3083 629 3131 simos
647 3083 745 3132 sibi
763 3085 899 3132 viros
920 3084 1070 3132 simul
1099 3083 1261 3146 ejicit,
1279 3085 1531 3149 ignotum-

474 3169 576 3221 que
595 3157 826 3206 assumit.

539 3237 576 3265 ’Β
610 3232 824 3281 Gnarum
842 3237 1018 3294 tumen,
1038 3234 1173 3295 cnjus
1192 3240 1355 3298 sponte
1369 3236 1527 3302 prani-

471 3306 679 3369 ceretur]
750 3308 833 3357 Sic
874 3315 929 3357 et
975 3320 1099 3358 ¹111.
1144 3314 1225 3358 2⁰.
1261 3310 1525 3364 Neronem

474 3381 492 3412 ‘
515 3382 591 3431 ita
613 3381 907 3430 audientem
921 3389 1177 3443 exterret,
1209 3390 1269 3432 ut
1290 3398 1391 3433 non
1417 3391 1527 3433 tan-

445 3470 450 3476 ·
472 3461 583 3514 tum
601 3463 818 3506 matrem
836 3457 1186 3521 Plautumque
1214 3457 1529 3521 interficere,

473 3530 567 3580 sed
610 3533 866 3581 Burrbum
904 3532 1064 3581 etiam
1102 3532 1375 3581 demovere
1396 3547 1529 3595 prae-

472 3601 677 3654 sectura
697 3606 1006 3668 destinaret,
1022 3612 1262 3669 tanquam
1286 3605 1530 3670 Agrippi-

473 3691 555 3727 nae
578 3680 744 3741 gratia
771 3688 1090 3743 provectum,
1121 3686 1180 3729 et
1212 3680 1375 3731 vicem
1416 3683 1530 3731 red-

473 3753 717 3807 dentem.’

536 3835 564 3862 ⁸
597 3830 829 3891 Commo
868 3831 1143 3893 capitolium
1182 3830 1395 3895 ingredi]
1439 3832 1529 3881 Sic

472 3910 530 3955 et
546 3905 844 3954 Messallins
866 3911 1038 3966 antea,
1056 3905 1157 3953 «sed
1188 3905 1243 3953 in
1267 3905 1529 3967 triumpho

471 3979 793 4040 Britannico,
824 3985 882 4028 et
922 3977 1062 4028 forte
1107 3985 1308 4029 tantum
1350 3983 1529 4043 semel,

472 4060 566 4108 aut
588 4068 723 4118 raro,
745 4055 906 4104 -Suet.
943 4054 1127 4104 Claud.
1158 4059 1238 4105 17.
1270 4056 1286 4083 ‘
1308 4055 1527 4106 Currum

471 4130 588 4194 qius
611 4128 910 4179 Messallina
930 4143 1060 4188 uxor
1080 4134 1331 4193 carpento
1348 4138 1529 4181 secuta

472 4203 592 4271 est:
613 4204 670 4255 in
690 4204 1002 4269 Capitolium
1037 4217 1243 4269 nempe.
1306 4205 1422 4257 Nec
1451 4207 1528 4271 ip-

1674 3008 1766 3069 At,
1796 3013 1944 3069 puto,
1978 3005 2281 3070 Agrippinae
2305 3007 2358 3055 id
2382 3008 2436 3056 in
2458 3020 2670 3057 consue·

1608 3082 1840 3152 tudinem
1866 3083 2043 3143 vertit,
2078 3089 2134 3131 et
2155 3081 2207 3130 id
2231 3096 2433 3146 semper
2456 3096 2670 3146 usurpa·

1610 3157 1700 3220 vit,
1722 3157 1858 3221 quod
1878 3157 2118 3206 insolens.
2186 3157 2289 3208 Qui
2313 3172 2421 3206 mos
2442 3156 2670 3220 augebat

1608 3234 1991 3283 venerationem
2038 3232 2278 3294 foeminae,
2316 3247 2473 3295 supra
2503 3233 2669 3296 ipsam

1606 3303 1893 3370 Augustam
1915 3308 2130 3370 Liviam,
2149 3313 2207 3355 et
2225 3306 2669 3369 ceterasejusdem

1605 3380 1729 3431 fasti
1767 3382 1819 3430 ii.

1628 3448 1638 3454 “
1675 3398 1933 3519 cagrpeneo]
2008 3456 2173 3503 Erant
2226 3466 2363 3502 sacra
2414 3453 2684 3524 vehicula,-

1609 3545 1726 3595 quae
1748 3532 1927 3580 them
1950 3537 2201 3579 vocantur
2216 3529 2396 3578 Servio
2417 3527 2485 3577 et*
2495 3530 2673 3582 Festo.

1606 3607 1928 3671 Tranquillus
1977 3606 2030 3653 in
2074 3605 2307 3655 Coesare:
2364 3606 2381 3632 ‘
2403 3604 2671 3669 Ampliora

1608 3681 1767 3731 etiam
1815 3682 2034 3730 humano
2065 3678 2271 3744 fastigio
2306 3680 2518 3730 decerni
2567 3680 2669 3730 sibi

1611 3771 1789 3820 passus
1811 3763 1912 3819 est,
1931 3757 2105 3805 sedem
2131 3768 2336 3804 auream
2358 3756 2412 3804 in
2427 3756 2590 3817 curia,
2612 3762 2677 3806 et

1608 3846 1704 3895 pro
1745 3831 1991 3881 tribunali
2027 3831 2281 3892 thensam,
2323 3836 2379 3879 et
2411 3829 2666 3880 ferculum

1609 3907 1843 3957 Circensi
1895 3905 2116 3970 pompa!
2210 3906 2443 3956 Ferculis
2490 3914 2665 3957 autem

1609 3981 1798 4045 pompa
1818 3980 2209 4042 traducebatur,
2242 3987 2300 4030 et
2334 3982 2569 4031 Deorum
2598 3981 2665 4031 si-

1608 4054 1836 4105 mulacra
1859 4054 2212 4119 gestabantur,
2229 4060 2329 4110 ἃς.

1675 4132 1866 4182 Pilenta
1901 4132 2166 4182 muliebria
2187 4136 2338 4181 erant
2375 4132 2665 4196 vectabula,

1604 4205 1795 4271 ‚quibus
1815 4214 2063 4258 matrona
2080 4206 2436 4272 gestabantur,
2455 4215 2665 4260 auctore
