3100 4925
384 435 524 489 sec.
545 435 720 508 seqq
1108 388 1546 482 Amafinium
1576 428 1742 480 us.
1789 427 1967 478 1111.
2429 412 2602 490 1483

385 575 735 650 ¹consulare
754 572 871 659 jus
899 577 966 638 et
989 572 1359 654 designatio
1392 570 1798 647 Consulatus
1827 577 1904 638 et
1931 576 2184 638 cetera!
2207 572 2601 657 apisoeinio*

390 677 678 764 Imperio
707 682 1263 770 praepararentur.
1321 672 1486 739 Auis
1516 675 1814 752 existat,⁸
1843 675 1958 758 qui
1988 674 2290 745 cohortes
2316 675 2384 739 in
2414 677 2601 742 utba-⁸

385 859 565 912 consul
597 859 891 924 designatus
929 865 1015 922 est,
1044 866 1101 909 et
1134 874 1250 909 cum
1287 860 1444 909 etiam
1475 858 1576 907 alia
1599 841 1770 908 omnia
1791 857 2074 907 obtinendo
2098 838 2413 921 principatui
2431 843 2601 921 proviss

390 922 654 976 cierentur.
719 924 828 975 Aut
869 941 989 974 nuvae
1011 925 1295 988 exoriatur,
1314 924 1400 989 qui
1422 923 1658 987 objectet
1679 923 1803 972 mihi
1825 923 2037 972 militem
2062 922 2243 971 Romae
2265 922 2599 986 solicitatum,

1316 1069 1430 1090 ‘N‘
1435 1069 1670 1090 “md“

369 1185 514 1228 -eues
546 1182 770 1228 veteres.
858 1178 1003 1227 Male
1046 1178 1398 1241 emendatum,
1436 1179 1692 1229 excolebat.
1762 1177 2095 1227 Brotier.--4
2129 1176 2214 1226 Sic
2246 1175 2387 1225 edidi
2427 1190 2457 1224 e
2492 1175 2597 1226 Ms.

389 1255 531 1290 meo:
567 1242 806 1305 quoniam
837 1242 927 1292 illo
940 1243 1138 1298 Auctor
1161 1244 1457 1293 delectatur
1489 1258 1580 1293 ιιι.
1614 1248 1696 1294 27.
1732 1256 1813 1292 ιν.
1849 1246 1930 1290 59.
1966 1255 2042 1290 vr.
2066 1245 2210 1291 tvi.
2242 1246 2326 1291 46.
2361 1240 2596 1304 Ryckim.

388 1305 620 1356 Brotier.
661 1306 821 1388 babet
858 1308 1278 1373 *adipiscendae-5
1313 1310 1592 1360 Rhenanus
1632 1307 1946 1371 emendavit,
1991 1305 2078 1356 At.
2111 1306 2234 1369 Aut,
2262 1303 2450 1356 fortius
2484 1319 2599 1356 esse

1380 1454 1600 1504 NOTAE

388 1562 531 1625 alios,
575 1564 666 1627 qni
705 1564 864 1614 coenis
904 1565 1304 1631 triumphalibus
1340 1567 1454 1617 Cae-

385 1638 513 1686 saris
530 1638 793 1690 dictatoris
806 1633 900 1690 sex
918 1642 1083 1691 millia
1105 1656 1319 1692 numero
1344 1657 1453 1691 mu·

389 1726 647 1763 raenarum
670 1717 940 1781 appendit.
995 1718 1132 1768 Nam
1156 1725 1453 1782 permutare

387 1789 598 1853 quidem
638 1792 809 1856 pretio
846 1794 1032 1855 noluit,
1071 1795 1235 1843 aliave
1256 1808 1452 1857 merce,

386 1864 537 1930 hujus
577 1868 775 1931 villam,
818 1868 956 1919 intra
998 1885 1153 1935 qnam
1200 1870 1453 1921 modicam

391 1940 698 2006 quadragies
719 1944 932 2007 piscina:
957 1946 1263 1995 venierunt!

453 2017 522 2067 Et
541 2031 657 2082 cap.
688 2025 770 2069 56.
826 2022 842 2048 ‘
869 2022 1210 2071 Cochlearum
1255 2022 1450 2074 vivaria

387 2093 620 2144 instituit
638 2096 848 2147 Fulvius
887 2098 1140 2162 Hirpinus
1161 2098 1215 2147 in
1235 2098 1449 2163 Tarqui-

387 2169 741 2235 niensi,2paulo
766 2179 889 2222 ante
908 2175 1064 2223 civile
1084 2174 1293 2237 bellum,
1309 2174 1448 2239 quod

388 2257 508 2293 cum
550 2246 804 2311 Pompeio
844 2248 1039 2312 Magno
1079 2255 1283 2312 gestum
1334 2255 1416 2298 est
1431 2265 1456 2309 3.

388 2319 649 2371 distinctis
694 2324 900 2387 quidem
960 2325 1232 2387 generibus
1275 2339 1448 2374 earum

390 2401 686 2465 separatim,
707 2408 766 2451 ut
785 2408 962 2452 essent
975 2403 1106 2452 albae
1125 2417 1242 2468 qnae
1273 2403 1329 2452 in
1354 2405 1453 2453 Re-

295 2520 304 2527 ,
390 2478 531 2527 atino
553 2492 676 2542 agro
711 2486 1026 2542 nascuntur3
1053 2481 1354 2543 ‚separatim
1383 2481 1453 2530 11.

389 2553 585 2616 lyricae,
611 2555 797 2620 quibus
820 2556 1125 2619 magnitudo
1152 2557 1449 2622 praecipua5

388 2628 672 2693 Africanae,
711 2632 896 2695 quibus
931 2631 1274 2693 foecunclitas3
1323 2635 1452 2684 Soli-

388 2709 543 2768 tanae,
564 2706 747 2771 quibus
769 2708 1025 2758 nobilitaS.
1079 2709 1219 2760 Quin
1235 2715 1296 2758 et
1317 2711 1452 2774 sagi·-

387 2792 699 2830 minearum
723 2790 1097 2834 commentatus
1132 2792 1217 2834 est
1253 2799 1374 2849 sapa
1393 2791 1449 2835 et

389 2854 546 2922 farre,
567 2860 782 2924 aliisque
819 2860 1127 2924 generibus,'
1157 2865 1257 2910 ὅτε.
1315 2861 1449 2910 Vide

386 2933 674 2985 Varronem
696 2937 785 2985 lib.
808 2950 896 2985 ιιι.
919 2950 1034 2999 cap.
1059 2941 1109 2986 3.
1134 2937 1201 2986 de
1221 2950 1276 2985 re
1298 2939 1450 3006 Rust-

450 3012 663 3061 Sueton.
694 3012 760 3061 de
795 3014 1025 3075 Nerone,
1062 3018 1143 3062 31.
1193 3015 1208 3041 ‘
1233 3014 1449 3063 Inchoa-

386 3086 478 3136 bat
500 3087 746 3150 piscinam
785 3105 813 3138 a
844 3089 1049 3139 Miseno
1082 3089 1150 3139 ad
1183 3088 1448 3140 Avernum

384 3162 576 3225 lacum,
600 3169 911 3226 contectam,
938 3165 1218 3228 porticibus
1241 3168 1449 3215 conclu·

387 3254 515 3303 sam,
536 3254 637 3305 quo
669 3240 916 3305 quicquid
951 3242 1077 3290 totis
1100 3242 1240 3291 Baiis
1261 3242 1447 3292 calida·

389 3330 503 3364 rum
529 3321 668 3364 esset
693 3316 1120 3368 converteretur!

453 3391 635 3456 Longe
674 3394 919 3442 audacior
963 3393 1192 3457 Optatus
1230 3394 1447 3445 libertus

387 3469 605 3535 Claudii,
628 3471 717 3535 qui
757 3477 868 3521 toto
889 3471 1016 3520 orbe
1055 3471 1171 3534 sibi,
1203 3473 1449 3536 principi,

388 3553 443 3596 et
489 3548 668 3610 generi
712 3548 949 3610 humano,
1003 3548 1254 3611 piscinam
1300 3548 1447 3611 fecit,

383 3623 762 3674 disseminando
798 3631 909 3675 toto
950 3626 1136 3688 pelago
1177 3627 1363 3690 pisces,
1393 3632 1449 3676 et

385 3714 572 3750 novam
590 3704 783 3764 prolem
802 3711 1002 3752 naturae
1036 3703 1310 3753 indicendo
1333 3698 1448 3767 pr'o-

387 3777 747 3841 curandoque:
794 3779 883 3827 ille
917 3780 991 3829 sic
1014 3795 1118 3829 non
1139 3780 1446 3844 praefectum

387 3854 590 3916 dassia,
612 3854 705 3902 sed
742 3855 927 3915 maris;
978 3857 1053 3906 sic
1088 3858 1337 3907 universae
1360 3873 1449 3909 na,-

389 3937 518 3980 turae
544 3929 896 3980 administrum
917 3946 972 3980 se
996 3931 1217 3983 ferebat.

450 4007 589 4056 Plin.
617 4007 707 4056 lib.
728 4020 807 4057 rx.
828 4012 877 4056 7.
914 4010 929 4036 ‘
952 4008 1102 4058 Nunc
1124 4024 1270 4058 scaro
1293 4009 1448 4058 datur

384 4084 722 4148 principatus,
744 4084 829 4146 qui
853 4084 987 4132 solus
1021 4085 1230 4147 piscium
1253 4084 1449 4134 dicitur

386 4160 661 4219 ruminare,
692 4161 970 4224 herbisque
1010 4161 1171 4222 vesci,
1209 4175 1313 4210 non
1336 4160 1446 4210 aliis

383 4237 629 4304 piscibus,
651 4237 778 4286 mari
802 4238 1082 4301 Carpathio
1105 4237 1325 4287 maxime
1347 4236 1447 4289 fre.

384 4322 569 4385 quens.
631 4315 1049 4373 Promontorium
1082 4313 1296 4366 Troadis
1316 4315 1448 4367 Lec-

1532 1573 1625 1616 ton
1669 1572 1854 1630 sponte
1894 1580 2152 1630 nunquam
2193 1565 2397 1613 transit.
2464 1558 2599 1613 Inde

1534 1643 1805 1706 advectos,
1821 1642 1935 1691 Tib.
1961 1640 2177 1692 Claudio
2196 1639 2452 1704 principe,
2488 1640 2598 1703 Op-

1532 1723 1694 1779 tatus,
1707 1732 1735 1766 e
1757 1718 1954 1767 libertis
1969 1718 2099 1781 ejus,
2112 1714 2388 1779 praefectus
2401 1715 2598 1776 classis,

1532 1793 1672 1843 inter
1711 1792 2009 1842 Ostiensem
2042 1799 2101 1843 et
2123 1791 2418 1856 Campaniae
2454 1804 2598 1842 oram

1532 1883 1735 1933 sparsos
1757 1869 2127 1919 disseminavit.
2580 1905 2587 1912 .

1595 1944 1611 1971 ‘
1639 1944 2002 2008 Quinquennio
2027 1943 2138 1993 fere
2155 1957 2283 1993 cura
2303 1947 2384 1993 est
2403 1940 2599 1991 adlabi-

1530 2025 1607 2081 ta,
1624 2028 1684 2071 ut
1699 2020 1838 2084 capti
1858 2020 2200 2070 redderentur
2215 2017 2347 2068 mari
2364 2032 2382 2079 ς
2413 2023 2599 2081 postea

1528 2096 1834 2162 frequentes
1862 2097 2191 2145 inveniuntur
2223 2093 2395 2144 Italioe
2429 2094 2482 2141 in
2513 2092 2599 2143 lit·

1530 2181 1668 2236 tore,
1688 2189 1793 2223 non
1825 2181 1947 2223 ante
1985 2174 2056 2222 ibi
2093 2173 2259 2235 capti.
2324 2169 2599 2226 Admovit·

1528 2266 1632 2315 que
1657 2252 1754 2301 sibi
1793 2253 1913 2314 gula
1950 2265 2181 2313 sapores,
2203 2248 2431 2313 piscibus
2451 2247 2597 2312 satis,

1530 2334 1587 2378 et
1604 2341 1793 2376 novum
1816 2327 2037 2375 incolam
2061 2325 2191 2373 mari
2215 2322 2396 2385 dedit:
2420 2326 2518 2372 ὅτε.

1595 2409 1622 2435 ¹
1655 2403 1785 2451 Meis
1807 2402 2019 2450 consiliis
2035 2399 2250 2463 adoptio]
2301 2398 2470 2463 Supra
2503 2396 2596 2447 lib.

1533 2490 1638 2528 111.
1660 2483 1744 2528 25.
1808 2477 1824 2504 ‘
1845 2475 2076 2540 Adoptio
2097 2477 2151 2524 in
2174 2473 2455 2525 Domitium
2476 2487 2596 2531 ωε,

1533 2555 1748 2606 toritate
1771 2555 2026 2603 Pallantis
2060 2553 2356 2615 festinatur,
2378 2551 2467 2616 qni
2506 2551 2597 2602 ob·

1532 2632 1748 2682 strictus
1805 2630 2132 2695 Agrippinae,
2177 2636 2237 2678 ut
2292 2625 2596 2678 conciliator

1531 2708 1846 2772 nuptiarum,
1874 2713 1929 2756 et
1954 2722 2073 2756 mox
2097 2712 2278 2768 stupro
2299 2703 2414 2767 ejus
2433 2701 2597 2767 illiga·

1527 2787 1631 2845 tus,
1650 2782 1953 2833 stimulabat
1986 2781 2279 2844 Claudium,
2308 2780 2598 2829 consuleret

1530 2858 1776 2923 Reipub.'
1809 2863 1909 2909 διο.

1594 2946 1615 2980 5
1651 2939 1721 2986 Et
1741 2936 1919 3000 cetera]
1970 2936 2034 2985 In
2055 2934 2238 3000 quibus
2262 2934 2375 2998 ipsa
2394 2931 2596 2997 flagitia

1531 3012 1850 3062 numeranda
1869 3011 2097 3074 fuerunt,
2116 3011 2404 3061 Silanorum
2442 3025 2598 3074 mors,

1529 3088 1748 3140 incestae
1783 3091 2001 3153 nuptiae,
2040 3103 2179 3137 mors
2202 3087 2427 3152 Claudii,
2449 3087 2594 3138 adul-

1531 3167 1666 3217 teria
1687 3181 1805 3216 cum
1827 3167 1988 3216 Fenio
2011 3164 2166 3226 Rufo,
2191 3179 2308 3214 cum
2332 3164 2596 3222 Pallante,

1527 3242 1746 3306 Seneca,
1766 3244 2042 3306 Tigellino,
2064 3248 2119 3291 et
2139 3242 2286 3290 aliis:
2325 3242 2461 3290 Nam
2483 3242 2499 3269 ‘
2519 3239 2598 3289 ni·

1526 3319 1600 3367 hil
1623 3319 1759 3367 domi
1781 3318 2114 3381 impudicum,
2134 3316 2231 3364 nisi
2260 3314 2596 3364 dominationi

1528 3392 1841 3457 expediret.'
1882 3395 1954 3442 Et
1977 3393 2138 3441 multa
2163 3392 2263 3440 alia
2283 3388 2479 3452 flagitia
2496 3389 2593 3445 mie

1526 3471 1626 3517 'nus
1665 3466 1882 3530 famosa,
1915 3468 2109 3531 quippe
2146 3479 2396 3515 summum
2428 3467 2595 3516 scelus

1524 3559 1628 3594 non
1653 3559 1753 3593 uno
1776 3546 1972 3593 scelere
1998 3543 2221 3592 fovetur.

1591 3630 1611 3655 ²
1641 3624 1744 3671 Aut
1783 3620 1984 3683 existat]
2027 3622 2190 3672 Quasi
2231 3621 2448 3684 diceret,
2479 3620 2593 3672 Aut

1525 3699 1856 3748 accusatione
1899 3697 2150 3747 desistant
2193 3696 2469 3761 delatores,
2505 3703 2592 3748 aut

1524 3775 1705 3825 existat
1727 3775 1897 3836 testis,
1931 3775 2013 3838 qui
2045 3774 2255 3824 cohortes
2282 3774 2333 3822 in
2348 3774 2466 3825 urbe
2487 3780 2592 3826 ten-

1526 3856 1673 3915 tatas,
1693 3855 1777 3916 &a
1801 3856 1995 3914 arguat.

1591 3935 1614 3962 ⁸
1649 3929 1875 3978 Cohortes
1893 3930 1946 3977 in
1979 3926 2114 3990 urbe]
2167 3928 2332 3976 Erant
2367 3926 2423 3974 in
2459 3926 2594 3987 urbe

1526 4005 1784 4068 praetoriae
1831 4006 2091 4066 cohortes,
2133 4004 2319 4067 quibus
2362 4010 2591 4067 praeerat

1527 4085 1757 4148 praetorii
1781 4082 2093 4148 pra-fectus:
2126 4089 2278 4132 erant
2300 4087 2355 4131 et
2378 4083 2590 4133 urbane

1525 4160 1782 4224 cohortes,
1807 4160 1992 4224 quibus
2016 4157 2300 4223 praefectus
2333 4158 2474 4207 urbis
2488 4150 2597 4208 'im-

1525 4238 1761 4300 perabat,
1807 4244 1866 4286 et
1905 4236 2144 4286 cohortes
2187 4233 2415 4300 vigilum,
2460 4247 2593 4300 quas

1520 4313 1736 4366 curabat
1755 4311 2041 4380 praet'sctus
2061 4311 2295 4376 vigilum.
