3100 4925
409 368 470 433 302
490 381 551 432 c»
573 379 682 443 sa]

1104 372 1512 422 ANNAMUM
1536 383 1540 390 ·
1563 370 1708 421 mn.
1752 374 1930 424 xm.
2346 325 2361 414 ἶ
2447 339 2621 430 1607

416 517 619 584 tendo
665 513 1026 592 Veterem‚⁶
1094 519 1116 548 ‘
1145 535 1228 580 ue
1268 517 1556 597 legiones
1607 517 1840 581 alienae
1887 517 2284 600 provinciae⁷
2329 517 2617 600 inferret,

416 613 769 700 studiaque
820 615 1189 680 Galliarum
1220 617 1590 680 affectaret:
1657 617 2153 682 formidolosum
2202 617 2271 680 id
2298 617 2620 701 ·Impera-

415 718 563 783 tori'
610 718 948 793 dictitans,
1001 724 1161 798 quo⁷
1212 717 1618 804 plerumque²
1664 717 2111 798 prohibentur⁸
2184 723 2460 782 conatus
2502 711 2622 782 ho·

331 847 334 852 ·
422 821 615 886 nesti.

502 921 611 982 54.
676 917 986 981 Ceterum
1038 918 1346 980 continuo
1403 918 1810 981 exercituum
1868 918 2028 996 otio,
2088 918 2275 984 fama
2329 921 2620 999 incessit,

420 1025 774 1103 ‘'ereptum
814 1020 930 1102 jus
962 1018 1257 1099 Legatis⁸
1284 1018 1564 1081 ducendi
1610 1020 1678 1080 in
1723 1019 2021 1083 hostem?

2125 1009 2358 1103 quue
2390 1021 2620 1112 Frisiib

410 1124 822 1207 juventutem
868 1120 1164 1184 saltibus⁰
1216 1127 1328 1185 aut
1353 1121 1787 1203 *paludibuss
1811 1121 2145 1185 imbellem
2197 1128 2461 1187 aetatem
2503 1143 2622 1207 per

415 1309 509 1356 per
530 1294 875 1343 aemulationem
896 1293 989 1341 tali
1018 1292 1170 1341 labori
1186 1290 1392 1353 obstitit,
1408 1291 1967 1355 absterrendo‘Veterem,
2003 1307 2069 1341 ne
2106 1291 2374 1341 induceret
2395 1294 2623 1357 legiones

418 1373 527 1407 suas
564 1359 618 1406 in
659 1358 871 1406 alienam
912 1357 1252 1420 provinciam,
1286 1354 1618 1419 favoremque
1643 1356 1909 1420 Gallorum
1941 1355 2193 1405 ambiret:
2246 1357 2497 1416 obtendens
2519 1374 2625 1409 me·

423 1423 665 1470 tuendum
689 1422 743 1469 id
766 1437 860 1470 esse
880 1420 1119 1484 principi,
1140 1436 1231 1482 quo
1253 1425 1516 1482 praetextu
1532 1434 1655 1483 soepe
1677 1425 1825 1483 σοφία
1849 1420 2042 1482 egregia
2064 1420 2399 1470 absterreretur.

431 1505 440 1516 ·
489 1487 706 1534 Ceterum
723 1490 954 1548 perpetua
975 1486 1207 1545 leg-ionum
1234 1484 1390 1545 quiete
1408 1499 1568 1532 rumor
1590 1484 1843 1544 increbuit,
1865 1484 2124 1533 ademtam
2146 1486 2507 1534 auctoritatem
2529 1502 2626 1537 esse

423 1550 637 1599 ducibus
674 1549 868 1598 bellum
905 1549 1152 1597 adversus
1187 1548 1359 1596 hostes
1394 1548 1652 1597 movendi.
1718 1549 1919 1612 Ideoque
1942 1543 2092 1597 Frisii
2114 1551 2176 1597 ad
2199 1549 2336 1597 littus
2359 1550 2525 1599 Rheni
2545 1553 2626 1599 de-

423 1628 590 1664 vexere
609 1615 866 1663 exercitum
883 1613 1032 1678 sylvis
1050 1617 1135 1662 aut
1155 1612 1354 1676 stagnis,
1374 1619 1421 1661 et
1442 1613 1619 1661 inerme
1634 1626 1787 1674 genus
1816 1628 1907 1677 per
1929 1613 2075 1676 lacus,
2097 1617 2144 1661 et
2180 1617 2455 1677 occupavere
2474 1619 2628 1664 terrae

1342 1750 1699 1771 ‘OO‘OOOO‘OOO

422 1861 479 1903 et
514 1854 847 1915 recentiores,
879 1852 1055 1902 AElius.
1122 1851 1450 1918 Brotier.-—6
1481 1852 1569 1902 Ita
1605 1852 1732 1903 Mss.
1755 1853 1891 1903 Flor.
1917 1851 2041 1916 Agr.
2063 1853 2340 1902 Rhenanus
2362 1860 2428 1903 .et
2449 1869 2626 1905 recen-

423 1920 600 1967 tiores·
667 1918 731 1967 In
755 1918 883 1966 Mss.
907 1918 1058 1966 Harl.
1099 1918 1249 1966 Bodl.
1286 1917 1397 1967 Jes.
1444 1923 1500 1965 et
1538 1916 1850 1965 editionibus
1873 1918 2118 1980 antiquiS,
2139 1920 2411 1967 deterrendo
2440 1918 2624 1969 Vetere.

423 1983 687 2032 Idem.'—-7
737 1984 783 2030 E
814 1981 1075 2030 scribendi
1113 1980 1419 2043 compendio
1458 1981 1561 2029 Ms.
1602 1980 1750 2032 elicit
1775 1981 2003 2031 Pichena
2023 1984 2263 2043 quomodo.
2330 1982 2432 2031 Sed
2464 1984 2626 2047 magis

329 2055 346 2068 '⁴
421 2047 620 2096 arridet
640 2046 779 2110 vulg.
806 2046 1067 2095 obern—8
1135 2045 1236 2095 Ms.
1261 2044 1391 2108 Agr.
1413 2044 1703 2094 cohibentur.

1420 2206 1636 2257 NOTAE

420 2333 638 2371 ceanum
691 2321 1103 2380 occidentalem;
1175 2336 1206 2370 a
1242 2320 1512 2384 Romanis*

422 2396 588 2451 divisa
642 2395 736 2446 fuit
790 2397 842 2445 in
900 2404 1122 2461 quatuor
1177 2397 1484 2461 provincias,

420 2487 607 2537 nempe
647 2474 915 2536 Belgicam
950 2474 1183 2537 primam,
1217 2474 1485 2536 Belgicam

422 2550 719 2614 secundam,
762 2551 1093 2600 Germaniam
1148 2551 1484 2613 superiorem,

420 2631 478 2675 et
512 2626 836 2675 Germaniam
871 2625 1182 2684 inferiorem,
1217 2626 1270 2674 in
1303 2624 1484 2689 quibus

422 2702 555 2750 varii
578 2702 775 2765 populi.
1355 2730 1359 2737 »

486 2775 660 2826 Hodie
698 2782 924 2844 parslest
944 2775 1283 2825 Primariatus
1302 2774 1486 2824 Trevi-

423 2852 605 2914 rensiS,
648 2852 833 2915 Treves,
866 2857 922 2900 et
955 2852 1010 2900 in
1044 2866 1106 2901 eo
1140 2856 1314 2900 tractu
1347 2856 1485 2899 nime

421 2933 544 2981 sunt
581 2927 861 2990 provinciae
891 2927 1291 2988 Ecclesiasticae,
1310 2926 1485 2975 Trevi-

423 3005 586 3054 rensis
609 3006 795 3068 Treves,
827 3004 1127 3054 Rhemensis
1150 3005 1361 3067 Rheims,
1391 3006 1487 3054 Ca-

421 3080 736 3128 meracensis
761 3079 1011 3142 cambray,
1026 3085 1082 3128 et
1100 3078 1485 3128 Mechliniensis

423 3154 648 3218 Malines,
669 3169 889 3219 parsque
912 3154 1286 3217 provinciarum
1307 3155 1487 3203 Eccle-

423 3230 768 3293 siasticarum,
823 3231 1223 3294 Ultrajectensis
1272 3230 1488 3294 Utrecht,

425 3305 746 3355 Coloniensis
767 3306 989 3367 Gologne,
1004 3311 1059 3355 et
1077 3305 1489 3369 Moguntinensis

425 3383 679 3446 Mayence.

490 3456 592 3504 Vel
633 3455 915 3505 secundum
960 3454 1236 3505 divisiones
1296 3461 1491 3519 tempo-

425 3532 560 3581 rales
596 3531 813 3594 Belgica
837 3537 1070 3579 veterum
1092 3529 1211 3593 fuit,
1246 3530 1331 3579 ubi
1352 3545 1488 3580 nunc

425 3611 508 3656 est
548 3620 668 3669 pars
705 3605 1128 3667 septentrionalis
1162 3606 1306 3668 regni
1341 3605 1492 3654 Fran-

424 3684 533 3745 cioe,
570 3682 733 3730 omnis
773 3682 987 3743 Belgica
1027 3682 1210 3744 Regia,
1244 3683 1394 3742 vulgo
1428 3682 1492 3729 les

425 3760 561 3822 Pays
585 3759 689 3807 Bas
710 3757 1026 3820 catholiques,
1049 3773 1167 3821 pars
1182 3758 1494 3806 Meridiona-

425 3834 489 3883 lis
514 3832 681 3896 Belgii
704 3832 985 3893 Foederati,
1015 3848 1105 3882 seu
1142 3834 1208 3882 les
1241 3834 1496 3883 Provinces

435 3908 600 3973 Unies,
615 3924 731 3958 cum
756 3902 1049 3971 regionibus
1079 3908 1382 3973 quibusdam
1406 3910 1492 3957 im-

420 3985 550 4050 perii
571 3986 866 4046 Allemaniae,
903 3986 1034 4035 citra
1069 3992 1125 4034 et
1157 3985 1223 4034 ad
1259 3985 1493 4033 Rhenum

429 4061 662 4125 fluvium,
677 4068 774 4111 ὅτε.
841 4062 975 4111 Vide
997 4061 1219 4110 Tabulas
1252 4068 1308 4110 et
1338 4062 1494 4110 Char·

434 4144 516 4186 tas
540 4138 777 4202 antiquas
801 4144 857 4187 et
881 4138 1197 4187 recentiores
1235 4137 1496 4199 Sansonis,

434 4214 733 4280 Geographi
758 4215 926 4281 Regii.
995 4215 1238 4267 Tillemon.

1630 2326 1653 2360 5
1678 2318 1756 2368 Ne
1776 2318 1978 2380 legiones
1996 2318 2162 2368 alienoe
2177 2317 2451 2382 provinciae]
2475 2319 2627 2371 Quod

1565 2413 1668 2447 non
1690 2397 1837 2448 licuit
1860 2398 1971 2447 sine
1995 2397 2205 2473 proprio
2235 2397 2387 2461 jussu
2420 2396 2629 2461 imperi-

1565 2474 1806 2524 tantium.

1628 2558 1648 2582 ²
1694 2550 1808 2605 Quo
1840 2547 2134 2612 plerumque]
2203 2548 2323 2600 Qua
2359 2553 2491 2611 arte,
2527 2561 2630 2612 quo

1564 2630 1724 2688 metu,
1743 2640 1845 2689 qua
1868 2623 2062 2673 invidia
2081 2638 2221 2686 saepe
2245 2624 2442 2687 egregii
2480 2637 2632 2673 cona·

1565 2707 1648 2751 tus
1670 2700 2054 2764 impediuntur:
2101 2715 2201 2763 quo
2223 2707 2507 2762 praetextu,
2524 2693 2632 2763 ‘qua

1566 2775 1891 2824 aemulatione
1915 2774 2120 2833 ducum,
2143 2776 2392 2838 pleraque
2408 2810 2409 2815 ,
2424 2773 2633 2838 egregia

1567 2850 1782 2900 consilia
1804 2857 2218 2911 corrumpuntur.

1631 2933 1655 2958 ²
1677 2926 1908 2989 Ereptum
1915 2927 2002 2986 jus
2022 2924 2217 2988 legatis]
2238 2925 2462 2989 Nempe,
2485 2924 2634 2988 quasi

1568 3015 1753 3051 arcano
1758 3001 1907 3064 jussu
1923 3001 2228 3049 dominantis
2246 3001 2297 3049 id
2316 2999 2633 3064 prohibitum

1569 3085 1723 3139 esset,
1749 3085 1839 3126 aut
1861 3078 2043 3127 saltem
2079 3076 2152 3127 sic
2185 3077 2343 3127 tacite
2379 3078 2633 3141 interpre-

1569 3159 1802 3202 tarentur
1825 3153 2005 3215 legati.

1632 3227 1671 3265 b·
1703 3229 1878 3292 Frisii]
1942 3229 2078 3277 Vide
2116 3235 2265 3279 notas
2302 3231 2340 3278 l.
2366 3243 2447 3280 xx.
2483 3245 2530 3279 c.
2555 3233 2635 3281 18.

1573 3306 1813 3356 Tillemon.

1632 3388 1653 3413 ⁰
1683 3383 1990 3431 Juventutem
2029 3368 2269 3443 saltibuss
2300 3378 2405 3428 Alii
2427 3380 2526 3429 alia
2550 3381 2635 3430 via

1569 3457 1959 3522 ingrediuntur:
2006 3471 2102 3519 per
2123 3457 2422 3516 juventutem
2443 3456 2636 3505 intelli-

1572 3535 1650 3598 git
1670 3533 1978 3592 exercitum,
2001 3546 2092 3580 seu
2116 3530 2502 3603 multitudinem
2525 3530 2636 3580 bel-

1570 3610 1620 3660 lo
1659 3616 1713 3660 et
1753 3609 1904 3658 armis
1943 3606 2200 3655 habilem:
2256 3607 2346 3653 hos
2382 3605 2636 3656 inducunt

1574 3703 1671 3752 per
1694 3688 1874 3748 salma,
1902 3685 2024 3748 quia
2042 3682 2178 3731 forte
2202 3683 2319 3731 illac
2356 3682 2636 3731 discrimen

1573 3763 1758 3826 majuS‚
1799 3768 1855 3809 et
1893 3758 2030 3808 forte
2055 3760 2127 3809 sic
2151 3759 2262 3807 aliis
2285 3760 2479 3807 aditum
2505 3772 2638 3822 prae-

1573 3841 1822 3897 muniere,
1847 3837 1944 3884 alia
1967 3848 2116 3898 parte
2141 3836 2480 3883 tentantibus.

1640 3915 1877 3964 Imbellem
1895 3918 2082 3960 aetatem
2110 3914 2334 3960 inducunt
2358 3924 2450 3974 per
2472 3911 2636 3972 lacus,

1576 3992 1692 4056 quia
1715 3988 1850 4038 forte
1875 3989 1992 4036 illac
2017 3986 2219 4036 facilius
2238 3995 2291 4034 et
2314 3985 2515 4034 brevius
2533 3984 2637 4032 iter

1574 4067 1734 4115 visum
1758 4070 1871 4124 est3
1929 4070 1984 4112 et
2022 4064 2142 4126 quia
2179 4062 2442 4125 pauciores
2478 4073 2635 4109 naves

1575 4148 1745 4204 erant,
1770 4155 1923 4204 quam
1960 4145 2019 4187 ut
2041 4153 2216 4188 omnes
2254 4153 2317 4186 ea
2348 4136 2435 4187 via
2473 4142 2636 4186 trans-

1575 4217 1878 4268 mitterent:
1934 4230 2051 4266 nam
2097 4215 2294 4265 lembos
2339 4229 2405 4267 ex
2444 4213 2636 4266 cortice
