3100 4925
489 385 663 455 1344

1179 402 1241 449 c.
1287 372 1649 448 connnnn
1695 396 1951 450 ‘morri

2373 399 2469 466 [A.
2489 402 2693 458 (Lm.

490 547 669 614 bello
710 546 1010 632 adjutum
1054 540 1496 621 Antonium,'‘¹
1540 543 2033 610 memorabant:
2079 543 2102 574 ‘
2129 549 2440 626 quaeque³
2484 539 2694 627 Synoe

494 654 609 716 aut
650 650 933 716 Lucullo
984 652 1105 712 aut
1161 646 1487 729 Pompeio
1532 643 1927 709 obtulissent
1943 641 1982 707 :’
2033 663 2195 709 mox
2243 650 2262 678 ‘
2292 645 2584 709 recentia
2624 645 2696 709 in

494 749 800 816 Caesares
857 750 1130 832 merita;
1187 747 1452 834 quando
1498 765 1582 809 ea
1632 746 1789 808 loca
1843 744 2220 823 insiderent,
2252 764 2432 830 -quae
2487 751 2696 811 trans-

493 853 871 918 meantibus
925 858 1099 917 terra
1166 851 1463 933 marique
1521 848 1831 912 Ducibus
1887 848 2444 932 exercitibusque,
2499 846 2699 913 simul

496 953 822 1018 vehendo4
848 952 1246 1019 commeatui
1272 954 1648 1034 opportuna
1675 947 1954 1013 forent.’⁶

579 1053 691 1119 63.
737 1052 1051 1138 Namque
1081 1051 1451 1117 arctissimo
1478 1050 1642 1115 inter
1670 1043 2032 1133 Europamf
2053 1046 2451 1133 Asiamquet
2480 1048 2701 1114 divor-

501 1231 733 1282 Antonio
750 1230 1018 1291 refferebant
1032 1246 1052 1289 ,·
1083 1243 1302 1296 quaeque
1337 1229 1497 1293 synae
1529 1229 1616 1277 vel
1653 1229 1871 1279 Lucullo
1905 1234 1998 1278 aut
2032 1229 2285 1294 Pompeio
2316 1217 2701 1279 exhibuissents

499 1297 610 1346 dein
630 1310 763 1345 nova
782 1297 836 1345 in
858 1296 1087 1346 Caesares
1102 1293 1286 1356 officia,
1319 1309 1437 1344 cum
1477 1293 1531 1342 in
1576 1293 1638 1341 iis
1677 1292 1804 1341 locis
1824 1300 2179 1356 versarentur,
2197 1308 2313 1357 quae
2335 1294 2702 1357 transjicienti-

501 1360 598 1409 bus
633 1369 776 1410 terra
797 1360 1027 1424 marique
1050 1358 1445 1422 imperatoribus
1467 1356 1889 1421 exercitibusque
1911 1357 2198 1420 commoda,
2236 1359 2385 1407 simul
2409 1366 2465 1408 et
2486 1355 2704 1407 transfe-

501 1423 676 1474 rendis
698 1424 861 1487 copiis
884 1424 1196 1487 cibariisque
1216 1424 1384 1472 idonea
1403 1429 1598 1483 essent,

568 1488 753 1551 Quippe
776 1488 938 1538 (ἔν-ωσι·
967 1488 1214 1537 condidere
1248 1486 1541 1550 Byzantium
1577 1486 1631 1534 in

1618 1421 1953 1471 memorabunt.

1663 1485 1844 1535 ultimis
1882 1487 2088 1551 Europa
2125 1486 2331 1550 finibus,
2366 1486 2704 1550 angustissimo
2784 1487 2790 1491 “

1425 1614 1574 1633 ‘NG‘
1577 1613 1782 1635 WOOO

501 1700 586 1745 rat
607 1695 693 1746 ιη’.
713 1700 797 1746 62.
848 1697 1177 1764 Emanium—8
1199 1697 1342 1746 Male
1363 1696 1417 1745 in
1440 1698 1572 1747 Mss.
1591 1704 1646 1747 et
1666 1697 1929 1747 veteribus
1952 1695 2280 1760 editionibus,
2304 1694 2706 1769 memoremque

500 1775 606 1823 quc
624 1760 789 1814 Sulla.
852 1763 1181 1813 Brotier.—4
1215 1761 1405 1825 Ryckii
1427 1761 1558 1812 Cod.
1576 1762 1884 1816 mbvehendo.

1505 1941 1718 1993 NOTAE

503 2049 643 2098 mine
681 2048 917 2113 Pydnam
956 2050 1009 2099 in
1043 2051 1356 2102 Macedonia
1395 2052 1566 2102 fusum
1633 2051 1824 2116 forent]
1857 2053 2046 2117 Vulgo,
2080 2057 2365 2102 commeatu.-
2397 2057 2454 2102 at
2484 2047 2709 2101 fortasse

502 2122 842 2188 fugatumque
874 2126 1070 2174 castris.
1092 2128 1262 2188 exuit,
1278 2127 1567 2191 deletisque

505 2199 621 2263 ejus
640 2200 825 2263 copiis,
857 2200 1165 2252 destitutum
1202 2203 1268 2252 ab
1303 2204 1440 2253 omni
1473 2219 1568 2267 spe

504 2275 678 2339 coegit
692 2291 722 2326 e
738 2278 1049 2329 Macedonia
1070 2280 1366 2344 profugere.
1398 2282 1569 2333 Quam

505 2351 596 2400 ille
631 2351 885 2416 linquens,
925 2354 977 2402 in
1015 2355 1235 2404 insulam
1277 2356 1569 2404 Samothra-

507 2427 638 2476 ciam
663 2426 915 2491 profugit,
938 2431 1221 2496 templique
1249 2445 1307 2481 se
1331 2430 1570 2495 religioni

506 2503 797 2567 supplicem
820 2505 1078 2569 credidit,’
1101 2511 1200 2556 stc.

572 2584 596 2611 ⁰
626 2577 973 2642 Aristonicum]
1008 2582 1239 2645 Populus
1278 2585 1427 2633 Rom.
1468 2584 1572 2632 bse-

508 2653 787 2704 reditatem
805 2655 939 2719 regis
951 2655 1119 2706 Attali
1133 2657 1572 2723 Pergamenorum

508 2729 729 2794 adierat,
769 2730 862 2780 sed
907 2737 968 2780 ut
1004 2732 1160 2783 babet
1200 2735 1338 2784 Flor.
1380 2749 1444 2784 11.
1489 2739 1573 2785 2⁰.

510 2806 527 2838 ‘
547 2805 882 2859 Aristonicus·
898 2809 1029 2872 regii
1050 2811 1312 2874 sanguinis
1332 2809 1477 2860 ferox
1491 2812 1575 2873 ju-

510 2884 680 2947 venis,
700 2884 856 2935 urbes
889 2885 1096 2948 regibus
1136 2900 1321 2950 parere
1358 2902 1575 2937 consue-

512 2965 617 3021 tas,
653 2959 840 3022 partim
872 2958 1031 3010 facile
1066 2961 1321 3023 solicitat3
1379 2976 1573 3025 paucas

513 3032 836 3094 resistentes,
871 3033 1143 3096 Myndum,
1174 3035 1381 3098 Samon,
1420 3037 1573 3086 Colo-

514 3107 757 3171 phonem,
780 3107 832 3157 vi
854 3108 1078 3171 recepit.
1143 3110 1357 3160 Crassus
1390 3118 1447 3161 et
1478 3126 1574 3176 per

511 3180 826 3239 deditionem
843 3182 899 3231 in
916 3182 1134 3233 vinculis
1147 3184 1387 3235 habitus!
1416 3186 1573 3236 Teste

512 3258 650 3308 Vell.
693 3258 729 3307 1.
774 3272 839 3310 ιι.
884 3258 1042 3322 regiae
1088 3259 1266 3324 stirpis
1320 3260 1574 3325 originem

513 3334 763 3387 mentitus
786 3334 1127 3397 Aristonicus,
1147 3344 1331 3400 captus
1361 3344 1418 3387 et
1450 3338 1576 3387 duc-

512 3417 598 3462 tus
618 3410 769 3461 estin
791 3411 1053 3474 triumpho
1075 3427 1107 3462 a
1124 3413 1409 3475 Perperna.

576 3485 603 3520 ‘²
632 3488 866 3549 Actiacum
886 3488 1167 3550 Antonium]
1201 3490 1365 3554 Capio
1384 3504 1487 3540 non
1507 3489 1576 3539 de

513 3562 710 3612 celebri
743 3569 970 3627 notoque
1005 3565 1079 3612 M.
1102 3564 1348 3627 Antonio,
1371 3567 1460 3630 qui
1482 3566 1576 3615 tri-

512 3637 711 3686 umvir:
745 3638 836 3687 sed
860 3639 926 3688 de
948 3640 1024 3689 Μ.
1047 3638 1293 3704 Antonio,
1312 3641 1399 3704 qui
1431 3655 1577 3690 cura-

514 3714 600 3761 tor
624 3727 730 3762 orae
752 3714 1025 3763 maritimae
1050 3728 1165 3764 oum
1196 3716 1395 3766 infinito
1419 3716 1578 3780 impe-

514 3786 614 3846 rio,
634 3787 729 3836 sub
750 3788 895 3838 initia
919 3789 1134 3841 Piratici
1154 3790 1297 3840 belli.

511 3866 535 3917 β
581 3861 663 3911 De
709 3876 811 3926 quo
856 3864 980 3912 illud
1038 3866 1265 3916 Sallustii
1316 3868 1574 3918 innotuit:

507 3936 532 3995 *⁴
555 3938 635 3987 M.
660 3937 911 3987 Antonius
935 3941 1211 4002 perdendae
1233 3945 1467 4005 pecunioe
1491 3960 1580 4008 ge·

513 4013 672 4076 nitus,
694 4028 986 4078 vacuusque
1016 4030 1048 4062 a
1069 4017 1224 4076 curis,
1261 4017 1359 4067 nisi
1381 4019 1577 4069 instan-

433 4105 442 4114 ·
505 4088 692 4143 ,tibusss
739 4089 874 4139 Vide
895 4090 1196 4142 Ciceronem
1221 4099 1276 4142 et
1295 4092 1578 4146 Asconium

516 4163 573 4214 in
591 4164 829 4215 Verrem.
893 4166 1104 4230 Lipsius.

582 4246 610 4307 ‚⁸³
636 4241 798 4300 Simul
810 4243 1015 4296 “luendo
1026 4249 1307 4301 somma·
1318 4254 1579 4321 oppon-tm

1644 2129 1848 2191 melius,
1864 2129 2159 2186 commeatui.
2220 2127 2470 2177 Picbena.
2535 2126 2708 2176 Recte

1645 2210 1929 2254 meatu.-
1976 2206 2053 2254 sic
2094 2218 2236 2268 saepe
2279 2204 2413 2253 Tac.
2452 2204 2569 2253 lm
2612 2217 2709 2266 pro

1646 2281 1801 2343 mai,
1823 2288 1878 2329 et
1898 2280 2100 2331 similia.

1712 2353 1733 2388 ἴ
1762 2356 2026 2419 Europum]
2058 2357 2286 2419 Europa,
2307 2368 2430 2418 pars
2454 2353 2712 2405 Occiden-

1650 2432 1769 2482 talis
1792 2430 2104 2482 contiuentis
2127 2437 2335 2493 nostrae,
2359 2430 2411 2479 in
2444 2429 2572 2480 orbe
2608 2438 2715 2479 ter--

1649 2523 1858 2558 rarum:
1895 2509 2044 2557 bodie
2065 2522 2253 2557 nomeu
2286 2508 2555 2571 antiquum
2589 2507 2713 2555 reti·

1649 2591 1757 2646 net,
1778 2584 1870 2633 sed
1887 2584 2041 2633 latius
2054 2584 2373 2645 extenditur,
2392 2584 2481 2632 vel
2503 2583 2716 2634 restrinae

1653 2659 1792 2722 gitur
1827 2659 1879 2708 in
1915 2659 2217 2723 quibusdam
2260 2659 2512 2722 partibus.
2576 2659 2714 2708 Nam

1618 2760 1623 2763 v
1654 2736 1864 2799 Europa
1900 2734 2149 2784 hodierna
2182 2749 2383 2784 omnem
2407 2735 2715 2784 Sarmatiam

1651 2809 1937 2860 Asiaticam
1971 2816 2222 2873 veterum,
2241 2819 2299 2860 et
2319 2816 2521 2874 partem
2557 2818 2716 2861 terra

1651 2886 1929 2950 incognitae
1946 2887 1997 2936 in
2016 2887 2229 2951 Scythia
2237 2888 2451 2951 antiqua
2466 2893 2717 2952 occupat;

1651 2962 1846 3012 insulas
1878 2976 2004 3011 vero
2051 2961 2387 3012 Carasubiceu
2426 2968 2482 3011 et
2518 2963 2732 3012 Thulen'

1650 3052 1755 3086 non
1776 3037 1987 3087 retinet.

1715 3114 2012 3164 Divisiones
2069 3113 2440 3179 geographicas
2493 3115 2719 3179 Europe

1650 3190 1846 3240 veteris
1868 3199 1923 3240 et
1946 3190 2249 3241 recentioris
2272 3197 2398 3254 pete
2429 3206 2495 3240 ex
2527 3190 2719 3241 tabulis

1653 3273 1711 3315 et
1732 3266 1922 3319 chartis
1938 3266 2147 3316 Nicolai
2165 3274 2220 3313 et
2239 3266 2488 3316 Gulielmi
2502 3268 2721 3317 Sanson'.

1654 3341 1777 3390 Fuit
1798 3341 1958 3397 etiam
1985 3342 2178 3404 Europa
2201 3341 2469 3403 provincia
2497 3342 2721 3391 orienta-

1655 3415 1755 3465 lior
1774 3416 2008 3466 Thraciae
2033 3417 2278 3480 regionis,
2297 3426 2350 3465 et
2364 3417 2450 3465 ubi
2472 3417 2595 3466 urbs
2616 3418 2722 3482 By·-

1655 3493 1900 3555 zantium,
1925 3493 2033 3542 sive
2066 3493 2553 3557 Constantinopolis.
2623 3494 2723 3544 Til·

1654 3568 1901 3617 [emim.
2392 3598 2421 3621 ο
2480 3622 2503 3641 ο
2810 3608 2814 3613 ·

1722 3651 1747 3686 t
1778 3643 2058 3706 Asiamque]
2097 3644 2238 3708 Asia,
2274 3660 2393 3708 pars
2433 3648 2723 3698 orientalis

1657 3718 1973 3768 continentis
2018 3726 2232 3783 nostrae,
2287 3722 2339 3770 in
2402 3722 2530 3771 orbe
2564 3730 2726 3772 terra.

1655 3810 1791 3844 rum:
1815 3794 1968 3844 hodie
1990 3795 2058 3844 ab
2075 3796 2343 3859 Europaeis
2359 3799 2518 3849 etiam
2533 3797 2727 3849 dicitnr

1656 3870 1794 3919 Asin.
2702 3884 2707 3895 ²

1724 3945 1916 3993 Verum
1943 3943 2070 3995 Asia
2092 3948 2304 4011 antiqua
2328 3949 2483 3998 latius
2511 3950 2728 4013 patebat

1659 4032 1811 4084 quam
1847 4021 2129 4082 hodierna;
2163 4038 2278 4072 nam
2320 4031 2513 4088 praeter
2545 4024 2727 4076 Asiam

1656 4097 2016 4161 recentiorem,
2050 4101 2501 4163 complectebatur
2527 4100 2732 4165 partem

1657 4171 1965 4222 orientalem
1987 4174 2194 4238 imperii
2214 4175 2520 4241 Mosoooitici
2542 4177 2596 4226 in
2620 4172 2728 4225 Eu-

1655 4264 1791 4319 ropa
1808 4250 2077 4320 hodierna,
2094 4260 2153 4306 et
2185 4269 2354 4317 noum
2388 4255 2634 4315 Ζωηόιιαιι
2652 4253 2731 4317 tn.
