3100 4925
517 449 690 536 1360
707 491 712 494 =

1227 463 1308 530 Ge·
1340 461 1699 510 CORNELII
1748 461 1999 510 TAcl'rl

2394 463 2578 533 [mu.
2602 468 2720 524 sos,

1504 622 1746 684 ιιοιιιῑ,ι

517 748 633 784 nnn
667 731 821 796 digna
853 731 1071 784 historia
1088 731 1219 795 haec,
1241 738 1298 783 et
1319 730 1577 781 incuriose

520 809 719 872 scripta
737 814 904 857 erant.

565 885 660 934 Et
699 897 843 946 sane,
886 884 998 948 quis
1015 882 1249 933 dirimet
1285 867 1581 934 controver-

519 960 648 1009 siam
663 963 928 1008 anctorum
962 958 1027 1007 de
1056 973 1220 1021 puero
1237 974 1387 1024 quern
1412 959 1581 1008 edidit

515 1035 661 1088 Julia
682 1050 746 1084 ex
766 1035 1018 1099 Pompeio
1039 1036 1266 1097 Magno?
1294 1035 1379 1083 alii
1398 1035 1580 1098 filium,

524 1112 612 1162 alii
634 1111 793 1161 filiam
814 1108 990 1173 fuisse,
1010 1110 1206 1158 diserte
1229 1117 1481 1159 asserunt.
1564 1115 1567 1118 '

588 1188 674 1236 Sic
694 1185 987 1248 ambiguum
1009 1184 1111 1235 fui't
1144 1186 1210 1234 de
1245 1177 1383 1247 loco,
1404 1186 1456 1234 in
1481 1200 1583 1249 quo

525 1264 683 1313 Caius
726 1262 904 1311 Caesar
961 1261 1050 1325 qui
1103 1261 1393 1324 imperavit,
1430 1267 1583 1310 natus

527 1345 680 1400 esset,
708 1337 821 1401 jam
860 1334 972 1385 fere
1007 1331 1191 1399 ipsius,
1224 1343 1315 1385 aut
1347 1337 1584 1400 sequenti

525 1429 655 1476 aevo,
677 1419 748 1462 ut
761 1417 907 1475 patet
927 1426 994 1460 ex
1014 1412 1280 1461 Suetonio.
1326 1412 1485 1461 Forte
1510 1412 1583 1461 sic

513 1495 582 1544 *et
597 1483 862 1538 incertum
881 1486 981 1537 fuit
1001 1487 1067 1536 de
1099 1492 1326 1584 utraque
1354 1485 1587 1537 Antonia

518 1566 632 1629 jam
655 1579 719 1615 eo
742 1579 876 1615 aevo.

530 1731 709 1768 sexum
740 1730 847 1766 non
883 1716 959 1765 ita
990 1715 1190 1765 curiose
1227 1712 1584 1779 inquirerent3

528 1802 586 1843 et
623 1794 745 1858 quia
780 1793 967 1856 puellae
1007 1797 1129 1840 ante
1168 1791 1373 1854 nuptias
1404 1805 1587 1854 parum

471 1869 475 1873 ’
529 1871 776 1935 cognitae,
796 1886 863 1930 ex
884 1869 1091 1920 nomine
1114 1868 1290 1919 mariti
1310 1868 1386 1917 sui
1408 1868 1589 1932 appel-

529 1947 801 1998 labantur:
825 1946 1001 2009 sicque
1015 1960 1197 2009 parum
1215 1945 1589 1995 attendebatur

529 2021 693 2079 aetati,
714 2025 813 2069 aut·
827 2020 1036 2081 nomini,
1056 2035 1157 2083 quo
1180 2020 1319 2068 intra
1342 2017 1590 2072 familiam
1618 2030 1623 2034 ·

529 2096 647 2145 duae
670 2095 859 2159 puellas
880 2093 1348 2157 distinguebantur.

596 2169 861 2220 Habemus
879 2174 1052 2219 tamen
1075 2183 1170 2232 pro
1193 2174 1367 2217 nostra
1384 2174 1590 2218 senten-

529 2245 610 2300 tia
644 2243 773 2294 dnos
805 2249 1045 2293 auctores
1082 2243 1347 2307 maximos,
1385 2245 1591 2294 Plutar-

530 2321 680 2389 chum
717 2328 776 2372 et
816 2322 1137 2371 Suetonium.
1203 2321 1470 2372 Habemus
1512 2337 1592 2371 ar-

479 2411 482 2414 ’
533 2408 783 2464 gumenta
802 2400 966 2447 multa
984 2412 1049 2445 ex
1062 2397 1287 2446 historiis
1301 2397 1593 2462 depromta,

532 2481 590 2526 et
632 2489 934 2525 consensum
990 2475 1133 2523 illum
1176 2466 1615 2529 doctissimorum,

529 2554 655 2613 post
674 2547 904 2597 homines
925 2554 1072 2596 natos
1094 2547 1471 2612 interpretum:
1499 2549 1590 2612 qui

533 2638 814 2673 consensus
835 2622 999 2672 instar
1033 2620 1256 2671 omnium
1287 2622 1452 2679 nobis¹
1473 2638 1590 2673 esse

533 2698 712 2769 debet.

467 2796 471 2800 ·
599 2776 715 2827 Nec
738 2789 828 2825 nos
861 2776 1102 2838 alterum,
1116 2774 1259 2825 inter
1278 2776 1513 2827 Tacitum
1536 2782 1594 2825 et

531 2851 833 2903 Suetonium
893 2850 1275 2908 florentissimos
1303 2880 1308 2885 ·
1338 2857 1596 2914 auctores,

536 2928 812 2977 arbitrum·
842 2927 1143 2990 deligemus,
1208 2943 1362 2992 quam
1426 2929 1595 2991 ipsum

533 3006 894 3066 Plutarchum,
936 3005 1050 3067 qui,
1078 3012 1223 3053 certe
1266 3004 1594 3054 litem-illam

534 3085 901 3142 certamenque
919 3077 1151 3127 -feliciter
1170 3081 1455 3142 componit,
1477 3095 1594 3130 cum

534 3152 1038 3216 testatur,··duarum
1086 3153 1306 3203 filiarum
1358 3155 1595 3219 Antonii,

463 3252 494 3279 .·
531 3229 750 3278 alteram
800 3226 1007 3292 quidem
1059 3229 1295 3291 nupsisse
1347 3231 1597 3294 Domitio,

533 3305 757 3365 niqy’orem
777 3318 994 3367 nempe,
1019 3306 1234 3354 alteram
1254 3320 1379 3356 vero
1400 3308 1596 3369 Druso,

532 3381 736 3431 scilicet
773 3389 898 3430 natu
934 3381 1190 3432 niinorem:
1222 3384 1377 3449 idque
1414 3399 1481 3434 ex
1519 3385 1596 3434 rei

529 3457 779 3520 =veritate,
809 3464 865 3505 et
891 3456 1030 3505 baud
1061 3457 1217 3506 dubie
1250 3473 1315 3508 ex
1337 3459 1596 3508 sententia

533 3534 699 3596 ipsius
722 3533 914 3595 Taciti,
945 3532 989 3581 si
1011 3534 1215 3582 macula
1248 3534 1368 3595 ista,
1389 3549 1505 3598 quae
1526 3550 1594 3584 ex

539 3609 890 3659 Librariorum
947 3609 1147 3659 incuria
1197 3609 1283 3658 vel
1334 3609 1598 3674 imperitia

533 3684 637 3748 ipsi
659 3685 966 3744 adhaeserat,
986 3699 1122 3733 nunc
1145 3686 1363 3734 eluatur.

599 3756 844 3809 avunculo
872 3760 1116 3822 Augusto]
1155 3762 1237 3809 Ex
1277 3762 1488 3817 Octauia
1515 3777 1594 3811 so-

533 3849 654 3887 rore
676 3834 896 3897 Augusti
931 3843 985 3883 et
1019 3837 1094 3884 M.
1117 3835 1342 3886 Antonio
1365 3837 1595 3887 nascitur

536 3909 748 3960 Antonia
767 3926 899 3960 uxor
919 3912 1167 3971 Domitii;
1201 3926 1267 3960 ex
1291 3911 1517 3961 Antonia
1537 3920 1594 3963 et

537 3985 776 4035 Domitio
799 3985 1028 4034 nascitur
1059 3988 1210 4047 pater
1246 3987 1595 4045 Neroniscn.

537 4060 783 4110 Domitius
820 4064 873 4108 et
896 4060 1114 4108 Domitia
1142 4061 1340 4123 Loepida,
1373 4077 1496 4125 quae-
1518 4064 1613 4113 sic·

535 4135 640 4211 fuit
661 4150 807 4185 soror
829 4137 978 4186 Cneii
1005 4137 1244 4200 Domitii,
1264 4139 1354 4201 qni
1379 4139 1596 4189 maritus

539 4210 871 4276 Agrippinam
903 4220 961 4263 et
991 4213 1068 4262 sic
1109 4211 1224 4275 ipsa
1263 4213 1463 4277 Lepida
1494 4229 1597 4265 uno

540 4286 703 4352 gradu
725 4287 938 4354 propior
958 4287 1211 4355 ugusto,
1236 4304 1390 4356 quam
1412 4289 1601 4356 Agrip-

1657 746 1796 796 pina.

1725 808 1859 858 Nam
1885 823 1950 858 ex
1973 809 2198 870 Octavia
2231 808 2462 876 nascitur
2487 807 2719 880 Antonia

1656 882 1853 942 Drusi,
1841 898 1852 910 ·
1888 897 1953 931 ex
1985 883 2214 933 Antonia
2241 884 2612 945 Germanic‘ns3
2651 898 2717 933 ex

1658 957 1971 1008 Germanico
1993 958 2316 1026 Agrippina:
2354 967 2413 1008 at
2430 959 2643 1023 Lepida
2651 974 2718 1009 ex

1658 1033 1770 1097 ipsa
1789 1033 2019 1083 Antonia
2040 1035 2257 1085 Domitii
2275 1042 2425 1100 nata.-
2506 1071 2511 1078 .
2650 1059 2653 1062 -

1725 1109 1959 1174 Ideoque
1999 1109 2134 1160 forte
2179 1118 2395 1162 vocatur
2437 1077 2721 1178 Agrippinen

1660 1185 1847 1233 sobrina
1896 1187 2047 1248 prior,
2090 1186 2322 1236 Antonia
2364 1203 2430 1236 ex
2478 1183 2723 1251 Octavia,

1663 1274 1779 1323 quae
1802 1275 1945 1310 soror
1966 1263 2189 1325 Augusti
2228 1272 2370 1324 nata,
2403 1264 2579 1326 sieque
2602 1262 2723 1313 -Αιι-

1660 1343 1844 1400 gustus
1868 1337 1971 1387 fuit
1986 1341 2264 1389 avunculus
2285 1341 2448 1404 maim·
2470 1339 2701 1404 Lepidae.
2700 1329 2703 1332 ’

1729 1419 1751 1453 5
1773 1412 2054 1476 Agrippinoe
2066 1415 2257 1465 sobrina
2272 1416 2427 1479 prior]
2444 1416 2562 1465 Sive
2585 1415 2725 1481 quod

1653 1487 2036 1548 Jurisconsulti
2069 1495 2368 1555 suggerunt,
2398 1490 2584 1550 sobrina
2610 1506 2725 1554 pro·

1509 1590 1516 1608 2
1559 1603 1563 1607 .
1650 1564 1805 1627 ριὀνς
1857 1566 1956 1614 etsi
1996 1566 2178 1618 eadem
2209 1568 2284 1616 vis
2335 1568 2505 1616 alteri
2525 1568 2607 1618 illi
2637 1582 2728 1617 vo·
2741 1618 2748 1628 „

562 1643 665 1691 Et
686 1629 840 1690 tanto'
868 1639 1032 1704 magis
1053 1639 1230 1703 quod·
1215 1654 1269 1688 ιιι
1296 1638 1585 1703 sequiorem
1609 1672 1614 1680 -

1666 1642 1821 1690 culae.
1883 1641 2081 1704 Lepida
2104 1650 2295 1692 autem
2300 1643 2612 1692 Germanico
2634 1657 2727 1704 pa-

1668 1718 1737 1766 tri
1760 1716 2064 1780 Agrippinae
2101 1718 2411 1768 consobrina
2442 1717 2540 1766 fnit
2558 1717 2726 1767 rfiliae

1667 1806 1792 1855 ergo
1813 1792 2130 1853 Germanici,
2155 1792 2356 1855 Lepida
2378 1792 2588 1841 sobrina
2608 1802 2731 1856 pro·

1668 1868 1798 1930 pior.
1848 1868 1967 1922 -Res
2009 1868 2132 1916 satis
2167 1868 2310 1917 clara
2351 1881 2416 1916 ex
2452 1857 2729 1918 stemmate

1666 1949 1842 1993 nostro
1862 1942 2104 2006 Augusti.
2170 1944 2379 2007 Lipsius.
2565 1969 2572 1977 ·

1722 2020 2015 2083 'Agrippina’
2054 2020 2243 2072 ”brim
2278 2020 2447 2083 μίαν]
2492 2020 2732 2084 Scriben-

1670 2095 1810 2155 dum,
1827 2096 2068 2159 propior,
2122 2095 2283 2145 verbo
2337 2097 2730 2147 Jurisconsultis

1669 2168 2083 2219 familiarissimo.
2172 2170 2281 2220 Sic
2309 2177 2483 2220 autem
2539 2172 2731 2221 dicitur

1669 2246 1888 2310 Lepida,
1920 2261 2036 2311 quae
2073 2248 2406 2297 Germanico
2422 2247 2729 2332 Agrippina:

1671 2322 1811 2385 patri
1831 2322 2138 2372 consobrina
2159 2328 2288 2371 erat.

1739 2397 1847 2447 Hic
1888 2398 2024 2447 enim
2058 2399 2238 2448 Druso
2275 2404 2426 2463 patre
2458 2403 2512 2448 et
2533 2399 2731 2450 minere

1673 2472 1896 2523 Antonia
1933 2480 2105 2537 natus,
2136 2473 2310 2530 frater
2354 2455 2597 2539 patruelis
2636 2488 2732 2524 seu

1672 2548 2006 2599 consobrinus
2036 2554 2153 2599 erat
2183 2549 2398 2613 Lepidae
2432 2548 2492 2600 L.
2516 2549 2732 2600 Domitii

1620 2688 1623 2689 ⁷
1671 2630 1728 2674 et
1749 2623 1990 2674 Antoniae
2011 2625 2218 2690 majoris
2240 2624 2378 2675 filiae.

1739 2699 1893 2751 Quod
1916 2699 1982 2748 de
2004 2701 2202 2750 minore
2225 2700 2333 2749 dixi
2355 2701 2612 2765 consulto,
2632 2701 2731 2751 eti·
2774 2750 2781 2755 .

1673 2792 1754 2826 am
1778 2777 2021 2825 adversus
2038 2776 2219 2826 Taciti
2229 2777 2601 2838 testimonium,
2623 2777 2733 2826 Pli-

1671 2854 1777 2916 nio,
1799 2853 2068 2916 Suetonio,
2105 2860 2162 2903 et
2198 2854 2481 2957 Plutarobo
2514 2854 2736 2907 uictori-

1674 2928 1786 2979 bus.
1864 2960 1871 2971 ι

1738 3004 1926 3068 Itaque
1947 2967 2150 3069 Lepida
2173 3005 2372 3068 propior
2396 2978 2593 3058 οοῦηιια,
2606 3004 2736 3055 scri-

1672 3079 1817 3129 bitur
1836 3079 2160 3144 Agrippinae,
2181 3081 2314 3145 quod
2350 3081 2419 3130 ab
2447 3096 2514 3131 ea
2545 3095 2733 3144 cogna-

1674 3156 1828 3205 tionis
1872 3156 2050 3219 quinto
2103 3156 2266 3219 gradu
2294 3142 2587 3220 disjuncta,
2622 3169 2732 3224 sin-o

1675 3233 1834 3294 gradu
1880 3233 2091 3295 propior
2123 3247 2274 3296 quam
2313 3234 2521 3283 sobrina
2556 3231 2737 3283 futura
2784 3280 2789 3287 ,

1674 3314 1803 3371 erat,
1859 3322 1974 3371 quae
2012 3314 2164 3357 sexto
2198 3308 2359 3370 gradu
2388 3313 2734 3364 enumeretur

1673 3384 1814 3446 apud
1837 3384 2036 3443 Caium,
2077 3391 2133 3434 et
2165 3400 2231 3432 ex
2265 3385 2522 3434 Massurio
2545 3375 2732 3433 sabino

1673 3460 1814 3522 apud
1870 3460 2110 3509 Paullum
2151 3460 2328 3510 libello
2371 3462 2477 3510 De
2472 3459 2734 3525 gradibus
2787 3512 2794 3519 ⁴

1673 3542 1731 3585 et
1751 3534 2003 3587 affinibus.
2077 3536 2296 3585 Vertron.

1669 3650 1677 3656 .
1739 3612 1945 3661 Solu-ina
1956 3611 2112 3674 prior]
2147 3612 2248 3661 Seu
2265 3612 2474 3675 propior.
2513 3611 2729 3663 Festus.
2780 3650 2789 3662 .

1673 3691 1689 3718 ‘
1711 3688 1938 3752 Propius
1958 3688 2166 3738 sobrino
2187 3688 2312 3736 mihi
2338 3694 2421 3736 est
2444 3686 2736 3744 consobrini

1673 3767 1776 3816 mei
1807 3765 1981 3827 filius,-
2003 3772 2062 3814 et
2094 3762 2412 3815 consobrinae
2453 3778 2587 3819 mcaer
2626 3761 2737 3813 filia

1673 3841 1788 3907 (seu
1807 3840 1972 3904 filius)
1991 3849 2047 3891 et
2070 3841 2233 3904 patris
2257 3839 2360 3888 mei
2384 3838 2733 3900 censobrinus,

1672 3926 1729 3966 et
1747 3919 1927 3966 matris
1947 3932 2076 3966 meae
2099 3915 2466 3966 consobrinus?
2554 3962 2559 3967 .

1674 4016 1681 4021 -
1713 4019 1721 4029 ι
1739 3992 1976 4041 Domitia
1996 3998 2121 4040 nata
2141 3991 2242 4040 fuit
2262 4006 2331 4040 ex
2356 3991 2587 4043 Antoni&
2603 3990 2736 4041 Ger·

1675 4067 1864 4115 manici
1897 4072 2201 4128 matertera3
2240 4072 2397 4130 atque
2437 4067 2529 4115 ita.
2547 4065 2736 4130 Agrip,-

1674 4142 1812 4204 pinoe
1844 4142 2159 4192 consobrina
2196 4143 2330 4192 fuit:
2364 4143 2436 4193 sic
2473 4142 2617 4193 enim
2640 4156 2730 4205 apt

1673 4218 1952 4281 pellantur,
1990 4218 2078 4283 qui
2121 4233 2200 4268 ex.
2234 4218 2435 4285 duobus
2484 4217 2731 4268 fratribus

1672 4294 2016 4361 sororibusse,
2036 4292 2306 4365 vdbfratre
2337 4300 2396 4365 et
2415 4307 2604 4366 sorore
2621 4306 2745 4355 nas--
