3100 4925
537 399 712 480 ΗΜ

1247 418 1311 463 0.
1357 415 1725 466 eonNBml
1773 416 2041 468 Taena.

2422 421 2515 489 [Α.
2539 423 2605 473 U.
2622 427 2747 474 ⁸12.

534 557 986 624 mendatione
999 557 1307 641 dignum,
1358 576 1446 621 ne
1480 557 1838 642 Syracusis
1888 558 2277 643 spectacula
2303 559 2548 640 largius
2581 558 2745 624 ede-

536 660 802 725 rentur?
850 663 1068 723 cetera
1116 678 1235 743 per
1265 666 1519 722 omnes·
1562 657 1841 742 lmperii
1881 665 2105 743 partes
2146 659 2420 743 perinde
2448 661 2761 743 egregia,

533 852 976 904 animadversione
993 852 1221 915 dignum,
1261 866 1325 902 ne
1347 853 1544 904 ludicra
1563 855 1851 904 certamina
1870 853 2139 931 Syracusis
2152 852 2575 929 magnificentius
2597 855 2746 906 exhi·

537 916 824 967 ber-entur?
890 916 975 966 An
998 916 1170 967 omnia
1193 916 1310 982 alia,
1341 932 1438 982 per
1458 925 1674 968 cunctas
1696 918 1902 983 imperii
1933 918 2243 983 provincias,
2277 917 2496 982 perinde
2517 925 2662 969 recte
2684 926 2745 969 et

1529 1086 1746 1138 No'rlss
1831 1133 1839 1140 .

531 1215 706 1267 mendi
730 1231 790 1268 ac
816 1216 1142 1282 proponendi
1158 1232 1260 1281 quoe
1281 1218 1438 1282 vellet,
1454 1213 1596 1281 apud
1674 1232 1775 1282 que
1797 1217 1886 1269 die
1908 1215 2105 1268 referre
2133 1224 2308 1282 posset
2346 1217 2610 1282 princeps,
2644 1225 2745 1274 aut

527 1299 723 1359 patres.
788 1293 894 1345 Sed
915 1308 1176 1360 nunquam
1206 1294 1390 1344 habuit
1413 1293 1501 1355 ,5⁶⁸ae
1521 1308 1596 1343 re·
1675 1292 1742 1343 de
1763 1308 1820 1343 re
1853 1302 1967 1359 qua».
2003 1294 2156 1382 plura
2176 1294 2354 1358 capita
2386 1293 2619 1353 habetet,
2638 1296 2745 1345 sic-

527 1369 718 1422 monis
755 1370 982 1434 proprie,
1025 1369 1162 1436 quod
1196 1370 1463 1420 consulum
1485 1375 1596 1419 tan·

529 1451 643 1496 tum
663 1442 782 1506 fuit,
819 1459 1006 1509 nempe
1033 1459 1126 1509 per
1155 1444 1318 1509 vices,
1338 1444 1413 1494 ita
1434 1449 1493 1493 ut
1515 1459 1595 1494 re-

1677 1384 1778 1434 que
1799 1369 1900 1419 sibi
1937 1370 2024 1418 uni
2062 1375 2227 1419 totum
2253 1375 2486 1418 senatum
2524 1368 2745 1419 haberet
2797 1393 2812 1406 ·

1677 1446 1882 1509 quoties
1905 1446 2095 1495 vellet·
2132 1446 2207 1494 ita
2230 1452 2288 1493 ut
2312 1441 2435 1492 nibil
2458 1444 2596 1493 aliud
2608 1459 2743 1507 pro-

525 1509 694 1569 ferret
712 1518 779 1583 ad
814 1524 989 1583 patres
1020 1520 1194 1590 consul
1216 1518 1306 1583 qni
1336 1534 1398 1568 eo
1419 1533 1596 1568 mense
1676 1535 1870 1585 ponere
1908 1528 1998 1572 ant
2036 1536 2247 1572 censere
2269 1521 2381 1571 aliis
2420 1521 2649 1585 patribus
2679 1522 2743 1590 lr-

528 1592 697 1645 fasces
716 1594 947 1654 haberet,
966 1601 1024 1645 ut
1042 1593 1266 1645 referret
1284 1610 1470 1660 nempe
1481 1609 1592 1647 rem

528 1684 680 1735 quam
703 1667 913 1721 senator
935 1671 1300 1736 proposuisset.

592 1748 666 1799 Et
703 1748 796 1811 sic,
828 1762 946 1800 cnm
980 1749 1198 1797 haberet
1228 1748 1469 1812 princeps
1498 1748 1591 1811 jas

528 1823 700 1873 tertiae
720 1830 813 1874 ant
836 1824 1032 1889 quintoe
1055 1824 1341 1887 relationis,
1377 1823 1477 1889 (sic
1497 1839 1591 1873 nu·

526 1913 670 1949 mero
684 1899 869 1965 impari
887 1900 1200 1965 gaudebant,
1212 1900 1356 1965 qnasi
1370 1897 1592 1950 feliciori

527 1974 743 2041 omine,)
764 1976 888 2025 nibil
906 1977 1005 2025 hoc
1027 1976 1095 2026 ad
1132 1976 1443 2025 sententiam
1473 1991 1590 2046 per-

524 2052 728 2103 tinebat
750 2053 998 2117 praecise3
1022 2058 1078 2102 et
1097 2053 1219 2101 lieet
1244 2053 1355 2115 ipse
1378 2066 1486 2101 rem
1510 2067 1591 2100 re-

525 2125 705 2186 ferret,
729 2142 829 2177 non
853 2133 1024 2176 tamen
1046 2132 1327 2190 propterea
1344 2126 1457 2189 ejus
1476 2140 1589 2175 sen-

516 2191 693 2250 'tentia
726 2200 944 2265 praecise
977 2200 1088 2252 aliis
1112 2208 1317 2263 patrum
1333 2197 1589 2264 suffragiis

525 2276 964 2342 praeponderabat
979 2294 993 2338 ;
1011 2290 1113 2326 non
1129 2275 1485 2339 praegravabat
1509 2289 1589 2323 re·

421 2359 434 2366 '
523 2353 654 2403 latio
677 2353 831 2418 illius,
862 2368 965 2417 qua
1000 2368 1109 2402 rem
1136 2349 1335 2401 tantum
1364 2364 1588 2414 expone-

523 2434 608 2480 ret
631 2429 958 2494 simpliciter,
996 2435 1053 2480 et
1075 2427 1359 2481 sententias
1379 2434 1585 2492 patrum

521 2506 575 2555 in
597 2520 713 2556 eam
733 2512 956 2569 rogaret.

587 2581 691 2634 Qui
725 2581 1052 2645 proponebat
1078 2595 1204 2646 rem,
1239 2579 1482 2629 firmabat
1504 2597 1587 2630 su-

523 2671 606 2706 am
637 2656 944 2707 sententiam
985 2656 1287 2716 rationibus,
1323 2656 1585 2705 senatorio

522 2734 663 2799 stylo
684 2740 740 2784 et
762 2733 941 2796 brevi;
978 2739 1034 2782 at
1072 2732 1160 2798 qui
1196 2731 1476 2795 referebat,
1496 2747 1586 2780 ex-

421 2872 434 2878 -
521 2809 752 2874 ponebat
773 2815 975 2859 tantum
997 2823 1107 2858 rem
1127 2807 1282 2871 nude,
1311 2822 1413 2856 non
1434 2822 1585 2872 pero-

523 2887 697 2949 rabat,
741 2894 798 2936 et
837 2884 1062 2949 suffragii
1094 2886 1391 2935 libertatem
1427 2884 1585 2934 dabat

520 2961 785 3012 Patribus.
1529 3022 1536 3028 ⁸

588 3036 641 3085 Si
668 3042 1053 3100 praegravasset
1086 3049 1150 3083 ea
1188 3035 1371 3083 relatio
1395 3035 1586 3097 princi-

517 3110 623 3176 pis,
657 3112 733 3160 sic
768 3111 1064 3159 libertatem
1106 3106 1465 3173 suffragiorum
1490 3113 1589 3160 tol-

520 3187 688 3236 leret:
722 3186 797 3236 sic
832 3186 945 3248 ipse
985 3185 1083 3235 toti
1123 3186 1325 3234 senatui
1348 3200 1587 3249 praepon-

520 3264 749 3325 deraret,
766 3263 818 3313 in
839 3277 1214 3327 quamcumque
1227 3269 1431 3325 partem
1443 3262 1589 3311 incli-

519 3349 673 3392 naret
715 3341 975 3405 princeps.
1064 3340 1196 3389 Cum
1240 3340 1418 3389 consul
1472 3340 1586 3404 ipse

520 3425 679 3480 esset,
719 3418 889 3483 potuit
946 3430 1026 3465 res
1063 3428 1358 3481 proponere
1397 3430 1514 3478 quae
1555 3430 1584 3465 e

515 3495 725 3560 Repub.
749 3494 1068 3554 viderentur,
1104 3491 1254 3541 simul
1288 3498 1344 3540 et
1384 3491 1584 3540 referre

522 3574 664 3637 apud
706 3579 911 3636 patres:
947 3570 1084 3635 quod
1130 3576 1186 3618 et
1226 3568 1365 3618 idem
1410 3568 1584 3631 potuit

519 3649 651 3698 alius
676 3662 704 3696 e
731 3648 882 3709 vulgo
905 3645 1106 3694 consul.

585 3722 688 3772 Alii
716 3722 767 3771 id
780 3721 869 3785 jus
897 3721 1072 3770 tertiae
1109 3726 1202 3787 seu
1230 3718 1423 3782 quintae
1458 3720 1581 3768 rela-

516 3798 662 3850 tionis
689 3798 740 3846 in
774 3812 835 3845 eo
858 3796 1198 3857 constituunt,
1235 3795 1373 3859 quod
1396 3795 1581 3844 liceret

518 3873 740 3939 principi
765 3880 848 3920 ter
870 3877 960 3918 aut
981 3870 1254 3935 quinquies
1277 3868 1343 3919 de
1367 3884 1425 3919 re
1439 3870 1580 3934 judi-

519 3954 639 3999 cata
660 3947 723 3996 ad
746 3952 978 3995 senatum
1002 3942 1213 3992 referre.
1278 3943 1379 3993 Sed
1403 3943 1470 3993 de
1490 3947 1582 3994 tali

509 4027 632 4091 jure
647 4024 772 4074 nihil
787 4022 924 4086 apud
940 4021 1176 4071 Tacitum
1192 4022 1409 4085 reperio,
1420 4038 1581 4086 quare

518 4116 700 4167 parum
715 4100 782 4150 ad
794 4114 885 4148 nos
898 4103 1138 4160 spectare
1159 4111 1221 4145 ea
1235 4111 1315 4146 res
1333 4098 1557 4149 videtur.

583 4178 743 4229 Forte
754 4178 843 4240 jus
866 4175 919 4223 iu
941 4188 1003 4223 eo
1022 4172 1143 4235 fuit,
1165 4173 1305 4237 quod
1327 4174 1393 4223 de
1417 4177 1580 4239 pluri-

516 4254 613 4308 bus
649 4253 817 4319 rebus,
850 4252 905 4303 in
937 4249 1123 4303 eodem
1144 4257 1349 4318 senatu,
1370 4253 1578 4322 eodem·

1672 1605 1819 1647 eeret
1836 1613 1899 1647 ea
1920 1598 2021 1646 die.
2076 1598 2145 1646 Et
2166 1598 2243 1647 sic
2264 1599 2477 1660 negotia
2499 1596 2595 1645 sibi
2617 1611 2744 1645 con·

1669 1673 1832 1722 traria
1846 1671 2057 1721 eludere
2070 1671 2243 1736 potuit
2257 1671 2325 1720 ad
2340 1679 2542 1733 tempus
2557 1687 2574 1731 ;
2597 1670 2742 1735 quod

1671 1749 1801 1799 utile
1838 1762 1976 1813 saepe
2015 1755 2071 1798 et
2102 1748 2313 1798 maximi
2350 1748 2599 1796 momenti
2633 1746 2743 1798 suit

1669 1821 1887 1873 factioni
1910 1823 2245 1874 dominantis.
2310 1822 2395 1872 Sic
2418 1822 2590 1886 potuit
2624 1821 2742 1872 effi·

1670 1914 1810 1964 cere,
1831 1907 1890 1950 ut
1909 1916 1971 1950 ea
1990 1915 2106 1966 quae
2131 1899 2370 1964 agitabat
2391 1900 2579 1962 animo,
2603 1905 2745 1949 trac-

1670 1982 1910 2026 tarentur
1951 1977 2004 2025 in
2063 1983 2245 2025 senatu
2295 1976 2744 2041 sancirentnrque,

1669 2067 1855 2116 nempe
1888 2067 2004 2117 quae
2036 2051 2102 2102 ad
2134 2067 2275 2102 snam
2302 2058 2358 2102 et
2379 2050 2580 2115 imperii
2603 2052 2744 2101 salu-

1671 2133 1774 2176 tem
1798 2135 2121 2192 spectarent,
2155 2134 2209 2177 et
2232 2136 2410 2176 cetera
2427 2140 2545 2191 quae
2569 2126 2745 2177 obsta-

1671 2209 1790 2252 rent
1828 2204 1977 2267 louge
2000 2203 2302 2253 amandaret
2325 2217 2386 2251 ac
2419 2203 2739 2266 repelleret;
2792 2215 2797 2222 ’

1670 2279 1744 2328 ita
1780 2286 1836 2328 nt
1874 2292 2040 2343 neque
2077 2277 2296 2343 proponi
2334 2279 2417 2326 vel
2440 2275 2641 2330 ,referri
2679 2279 2739 2350 in

1664 2361 1847 2404 senatu
1885 2361 2119 2419 possent,
2155 2367 2291 2418 cum,
2331 2358 2509 2402 senatu
2530 2361 2742 2418 vocato,

1664 2429 1852 2482 Patres
1888 2430 1955 2495 ,in
2014 2430 2092 2480 his
2139 2429 2295 2480 rebus
2341 2444 2467 2494 quas
2509 2428 2741 2497 referret

1668 2515 1925 2571 perpetuo
1969 2506 2249 2556 detineret.
2341 2507 2438 2557 His
2475 2507 2610 2557 adde
2641 2507 2739 2558 fla·

1667 2582 1850 2646 gitium
1905 2590 1961 2630 et
2001 2581 2270 2631 libidinem
2328 2583 2738 2633 assentationum

1660 2646 1925 2721 ⁸vesanam,
1957 2658 2008 2706 in
2045 2672 2199 2722 quam
2222 2659 2372 2722 proni
2415 2658 2635 2708 ruebant
2668 2674 2738 2713 eo

1664 2748 1775 2783 aevo
1798 2735 2005 2799 Patres,
2025 2742 2082 2785 et
2116 2749 2214 2800 qua
2253 2749 2310 2784 se
2350 2741 2407 2783 et
2444 2734 2740 2799 principem

1663 2816 1719 2858 et
1772 2809 2032 2873 Rempub.
2101 2811 2272 2875 palam
2329 2809 2738 2861 labefactabant.

1664 2886 1821 2935 Forte
1867 2892 2046 2935 vetere
2090 2886 2301 2949 Repub.
2345 2892 2536 2948 stante,
2591 2885 2738 2947 idern

1665 2959 1765 3010 fuit
1801 2955 2033 3013 amentia
2075 2969 2130 3011 et
2172 2963 2341 3012 relatio
2379 2961 2629 3011 senatoris
2662 2961 2735 3011 ad

1666 3045 1873 3103 patres;
1907 3041 2029 3104 quia
2060 3039 2236 3089 statim
2262 3038 2327 3088 de
2365 3053 2422 3088 re
2462 3039 2739 3103 proposita

1668 3117 2023 3166 decernebant
2058 3117 2176 3166 boni
2201 3124 2396 3181 patres,
2416 3131 2586 3183 neque
2607 3119 2735 3169 rela-

1664 3197 1767 3240 tam
1787 3192 2047 3242 abnuebant
2074 3193 2271 3258 antiqui
2303 3193 2557 3245 consules.
2622 3193 2735 3259 Sed

1666 3282 1803 3317 nunc
1849 3270 2082 3321 extincta
2125 3270 2329 3333 Repub.
2368 3275 2424 3319 et
2459 3268 2730 3337 libertate,

1665 3358 1783 3392 cum
1828 3345 2012 3394 relatio
2057 3353 2357 3408 negaretur,
2412 3345 2734 3415 distinguen-

1665 3418 1784 3467 dum
1808 3427 1904 3469 est*
1928 3420 2063 3470 inter
2083 3421 2368 3471 sententiam
2388 3421 2641 3471 senatoris
2674 3427 2735 3473 et

1661 3496 1953 3545 relationem.

1728 3572 2046 3635 Relationem]
2081 3573 2281 3637 Cuique
2308 3536 2553 3622 senatori
2570 3572 2732 3622 licuit

1659 3646 1934 3696 relationem
1971 3648 2237 3711 postulare
2268 3664 2299 3697 a
2339 3648 2633 3699 consulibus
2672 3648 2731 3711 in

1661 3737 1770 3773 rem
1814 3725 2148 3787 propositam,
2191 3732 2247 3774 et
2291 3739 2406 3790 quoe
2440 3740 2471 3774 e
2513 3724 2727 3789 Repub.

1661 3814 1774 3849 esse
1816 3800 2099 3864 videretur,
2133 3800 2224 3851 sed
2259 3816 2362 3851 non
2393 3802 2729 3856 obtinebatur

1658 3891 1881 3940 semper.
1948 3877 2194 3928 Consules
2238 3878 2435 3943 quippe
2477 3877 2725 3928 malevoli

1661 3951 1715 4000 in
1752 3952 2001 4015 privatos,
2037 3958 2126 4000 aut
2163 3952 2218 4000 in
2239 3951 2726 4023 Rempubldpsam,

1662 4026 1887 4090 principi
1922 4026 2145 4090 turpiter
2175 4035 2524 4091 assentantes,
2546 4033 2727 4079 cetera

1661 4103 1762 4150 etsi
1783 4102 2052 4152 utilissima
2073 4102 2408 4166 spernebant.

1723 4183 1742 4208 ⁸
1809 4177 1980 4229 Cetera
2004 4192 2092 4239 per
2122 4178 2300 4242 omnes]
2355 4177 2521 4241 Capio
2570 4177 2727 4243 ‚quasi

1657 4259 1813 4322 esset,
1831 4253 1915 4307 Aa
1931 4259 2089 4306 cetera
2102 4268 2192 4323 per
2210 4251 2406 4307 omnes?
2436 4252 2729 4323 interroga·
