<?xml version="1.0" encoding="UTF-8"?>
<!DOCTYPE html PUBLIC "-//W3C//DTD XHTML 1.0 Transitional//EN"
    "http://www.w3.org/TR/xhtml1/DTD/xhtml1-transitional.dtd">
<html xmlns="http://www.w3.org/1999/xhtml" xml:lang="en" lang="en">
 <head>
  <title>
</title>
<meta http-equiv="Content-Type" content="text/html;charset=utf-8" />
  <meta name='ocr-system' content='tesseract 3.04.00' />
  <meta name='ocr-capabilities' content='ocr_page ocr_carea ocr_par ocr_line ocrx_word'/>
</head>
<body>
  <div class='ocr_page' id='page_1' title='image "./operaomnia05unkngoog/operaomnia05unkngoog_0438.png"; bbox 0 0 3100 4925; ppageno 0'>
   <div class='ocr_carea' id='block_1_1' title="bbox 477 323 2689 445">
    <p class='ocr_par' dir='ltr' id='par_1_1' title="bbox 477 323 2689 445">
     <span class='ocr_line' id='line_1_1' title="bbox 477 323 2689 445; baseline 0.001 -17"><span class='ocrx_word' id='word_1_1' title='bbox 477 361 652 429; x_wconf 72' lang='lat' dir='ltr'>15oe</span> <span class='ocrx_word' id='word_1_2' title='bbox 2274 323 2279 326; x_wconf 31' lang='grc'><strong>’</strong></span> <span class='ocrx_word' id='word_1_3' title='bbox 2366 378 2463 445; x_wconf 71' lang='grc' dir='ltr'>[Α.</span> <span class='ocrx_word' id='word_1_4' title='bbox 2481 379 2549 431; x_wconf 73' lang='lat' dir='ltr'>e.</span> <span class='ocrx_word' id='word_1_5' title='bbox 2568 366 2689 432; x_wconf 64' lang='grc' dir='ltr'>σιξ.</span> 
     </span>
    </p>
   </div>
   <div class='ocr_carea' id='block_1_2' title="bbox 478 515 2737 1210">
    <p class='ocr_par' dir='ltr' id='par_1_2' title="bbox 478 515 2737 1210">
     <span class='ocr_line' id='line_1_2' title="bbox 478 515 2685 598; baseline -0 -15"><span class='ocrx_word' id='word_1_6' title='bbox 478 515 732 583; x_wconf 76' lang='lat' dir='ltr'>multos.</span> <span class='ocrx_word' id='word_1_7' title='bbox 752 518 1089 584; x_wconf 70' lang='lat' dir='ltr'>tormentis</span> <span class='ocrx_word' id='word_1_8' title='bbox 1110 515 1295 582; x_wconf 78' lang='lat' dir='ltr'>faces</span> <span class='ocrx_word' id='word_1_9' title='bbox 1322 524 1388 582; x_wconf 87' lang='lat' dir='ltr'>et</span> <span class='ocrx_word' id='word_1_10' title='bbox 1414 517 1644 582; x_wconf 81' lang='lat' dir='ltr'>hastas</span> <span class='ocrx_word' id='word_1_11' title='bbox 1673 517 1962 581; x_wconf 78' lang='lat' dir='ltr'>incutere</span> <span class='ocrx_word' id='word_1_12' title='bbox 1996 515 2246 598; x_wconf 61' lang='lat' dir='ltr'>jubet:</span> <span class='ocrx_word' id='word_1_13' title='bbox 2315 516 2685 582; x_wconf 61' lang='lat' dir='ltr'>moratoria-</span> 
     </span>
     <span class='ocr_line' id='line_1_3' title="bbox 480 618 2727 703; baseline -0.001 -18"><span class='ocrx_word' id='word_1_14' title='bbox 480 621 634 685; x_wconf 88' lang='lat' dir='ltr'>bus⁵</span> <span class='ocrx_word' id='word_1_15' title='bbox 664 620 1236 703; x_wconf 77' lang='lat' dir='ltr'>funditoribusque</span> <span class='ocrx_word' id='word_1_16' title='bbox 1266 620 1625 684; x_wconf 88' lang='lat' dir='ltr'>attributus</span> <span class='ocrx_word' id='word_1_17' title='bbox 1653 621 1871 695; x_wconf 78' lang='lat' dir='ltr'>locuS,</span> <span class='ocrx_word' id='word_1_18' title='bbox 1904 619 2074 681; x_wconf 88' lang='lat' dir='ltr'>unde</span> <span class='ocrx_word' id='word_1_19' title='bbox 2116 618 2370 681; x_wconf 84' lang='lat' dir='ltr'>eminus</span> <span class='ocrx_word' id='word_1_20' title='bbox 2412 620 2689 700; x_wconf 76' lang='lat' dir='ltr'><strong>glandes</strong></span> <span class='ocrx_word' id='word_1_21' title='bbox 2708 651 2727 660; x_wconf 86' lang='lat'>-</span> 
     </span>
     <span class='ocr_line' id='line_1_4' title="bbox 481 711 2723 807; baseline 0 -22"><span class='ocrx_word' id='word_1_22' title='bbox 481 728 855 804; x_wconf 81' lang='lat' dir='ltr'>torquerent</span> <span class='ocrx_word' id='word_1_23' title='bbox 877 729 927 802; x_wconf 80' lang='lat'>3¹²</span> <span class='ocrx_word' id='word_1_24' title='bbox 996 743 1078 787; x_wconf 92' lang='lat' dir='ltr'>ne</span> <span class='ocrx_word' id='word_1_25' title='bbox 1130 742 1267 806; x_wconf 86' lang='lat' dir='ltr'>qua</span> <span class='ocrx_word' id='word_1_26' title='bbox 1322 730 1506 807; x_wconf 86' lang='lat' dir='ltr'>pars⁰</span> <span class='ocrx_word' id='word_1_27' title='bbox 1555 723 1929 786; x_wconf 85' lang='lat' dir='ltr'><strong>subsidium</strong></span> <span class='ocrx_word' id='word_1_28' title='bbox 1978 720 2427 783; x_wconf 82' lang='lat' dir='ltr'>laborantibus</span> <span class='ocrx_word' id='word_1_29' title='bbox 2467 721 2689 799; x_wconf 79' lang='lat' dir='ltr'>ferret,</span> <span class='ocrx_word' id='word_1_30' title='bbox 2718 711 2723 716; x_wconf 48' lang='lat'>¹</span> 
     </span>
     <span class='ocr_line' id='line_1_5' title="bbox 484 823 2691 907; baseline -0.002 -19"><span class='ocrx_word' id='word_1_31' title='bbox 484 825 632 905; x_wconf 84' lang='lat' dir='ltr'>pari</span> <span class='ocrx_word' id='word_1_32' title='bbox 658 826 948 907; x_wconf 89' lang='lat' dir='ltr'>undique</span> <span class='ocrx_word' id='word_1_33' title='bbox 977 823 1215 890; x_wconf 88' lang='lat' dir='ltr'>motu.⁶</span> <span class='ocrx_word' id='word_1_34' title='bbox 1317 825 1577 888; x_wconf 88' lang='lat' dir='ltr'>Tantus</span> <span class='ocrx_word' id='word_1_35' title='bbox 1604 823 1754 887; x_wconf 90' lang='lat' dir='ltr'>inde</span> <span class='ocrx_word' id='word_1_36' title='bbox 1783 823 1978 887; x_wconf 83' lang='lat' dir='ltr'>ardor</span> <span class='ocrx_word' id='word_1_37' title='bbox 2005 823 2317 886; x_wconf 85' lang='lat' dir='ltr'>certantis</span> <span class='ocrx_word' id='word_1_38' title='bbox 2342 823 2691 886; x_wconf 72' lang='lat' dir='ltr'>exercitus</span> 
     </span>
     <span class='ocr_line' id='line_1_6' title="bbox 482 924 2685 1007; baseline 0 -21"><span class='ocrx_word' id='word_1_39' title='bbox 482 924 634 1001; x_wconf 84' lang='lat' dir='ltr'>suit,</span> <span class='ocrx_word' id='word_1_40' title='bbox 673 930 745 989; x_wconf 88' lang='lat' dir='ltr'>ut</span> <span class='ocrx_word' id='word_1_41' title='bbox 789 926 959 990; x_wconf 87' lang='lat' dir='ltr'>intra</span> <span class='ocrx_word' id='word_1_42' title='bbox 1003 929 1292 990; x_wconf 64' lang='lat' dir='ltr'>tertiam?</span> <span class='ocrx_word' id='word_1_43' title='bbox 1339 925 1474 988; x_wconf 89' lang='lat' dir='ltr'>diei</span> <span class='ocrx_word' id='word_1_44' title='bbox 1520 931 1780 1007; x_wconf 86' lang='lat' dir='ltr'>partem</span> <span class='ocrx_word' id='word_1_45' title='bbox 1819 925 2051 987; x_wconf 89' lang='lat' dir='ltr'>nudati</span> <span class='ocrx_word' id='word_1_46' title='bbox 2080 924 2685 1006; x_wconf 73' lang='lat' dir='ltr'><strong>propugnatoribus</strong></span> 
     </span>
     <span class='ocr_line' id='line_1_7' title="bbox 481 1025 2737 1109; baseline 0 -22"><span class='ocrx_word' id='word_1_47' title='bbox 481 1026 672 1102; x_wconf 86' lang='lat' dir='ltr'>muri,</span> <span class='ocrx_word' id='word_1_48' title='bbox 704 1027 933 1090; x_wconf 88' lang='lat' dir='ltr'>obices</span> <span class='ocrx_word' id='word_1_49' title='bbox 962 1034 1296 1109; x_wconf 86' lang='lat' dir='ltr'>portarum</span> <span class='ocrx_word' id='word_1_50' title='bbox 1326 1027 1650 1103; x_wconf 83' lang='lat' dir='ltr'><strong>subversi,</strong></span> <span class='ocrx_word' id='word_1_51' title='bbox 1682 1031 1882 1107; x_wconf 86' lang='lat' dir='ltr'>capta</span> <span class='ocrx_word' id='word_1_52' title='bbox 1910 1032 2215 1089; x_wconf 70' lang='lat' dir='ltr'>escensu?</span> <span class='ocrx_word' id='word_1_53' title='bbox 2261 1025 2685 1101; x_wconf 86' lang='lat' dir='ltr'>munimenta,</span> <span class='ocrx_word' id='word_1_54' title='bbox 2728 1063 2737 1066; x_wconf 31' lang='grc' dir='ltr'><strong>τ</strong></span> 
     </span>
     <span class='ocr_line' id='line_1_8' title="bbox 485 1125 2685 1210; baseline -0.001 -21"><span class='ocrx_word' id='word_1_55' title='bbox 485 1145 843 1209; x_wconf 87' lang='lat' dir='ltr'>omnesque</span> <span class='ocrx_word' id='word_1_56' title='bbox 872 1130 1180 1210; x_wconf 78' lang='lat' dir='ltr'>puberesq</span> <span class='ocrx_word' id='word_1_57' title='bbox 1203 1129 1514 1193; x_wconf 86' lang='lat' dir='ltr'>trucidati</span> <span class='ocrx_word' id='word_1_58' title='bbox 1536 1129 1690 1205; x_wconf 88' lang='lat' dir='ltr'>sint,</span> <span class='ocrx_word' id='word_1_59' title='bbox 1712 1127 1892 1190; x_wconf 88' lang='lat' dir='ltr'>nullo</span> <span class='ocrx_word' id='word_1_60' title='bbox 1914 1128 2120 1191; x_wconf 83' lang='lat' dir='ltr'>milite</span> <span class='ocrx_word' id='word_1_61' title='bbox 2151 1128 2423 1206; x_wconf 77' lang='lat' dir='ltr'>amisse,</span> <span class='ocrx_word' id='word_1_62' title='bbox 2446 1125 2685 1209; x_wconf 79' lang='lat' dir='ltr'>paucis</span> 
     </span>
    </p>
   </div>
   <div class='ocr_carea' id='block_1_3' title="bbox 1119 365 1938 427">
    <p class='ocr_par' dir='ltr' id='par_1_3' title="bbox 1119 365 1938 427">
     <span class='ocr_line' id='line_1_9' title="bbox 1119 365 1938 427; baseline -0.005 0"><span class='ocrx_word' id='word_1_63' title='bbox 1119 378 1234 427; x_wconf 39' lang='lat' dir='ltr'>QG.</span> <span class='ocrx_word' id='word_1_64' title='bbox 1276 371 1636 427; x_wconf 66' lang='lat' dir='ltr'>Genuam!</span> <span class='ocrx_word' id='word_1_65' title='bbox 1687 365 1938 424; x_wconf 66' lang='lat' dir='ltr'>T&#39;AGIT&#39;!</span> 
     </span>
    </p>
   </div>
   <div class='ocr_carea' id='block_1_4' title="bbox 474 1290 2691 1680">
    <p class='ocr_par' dir='ltr' id='par_1_4' title="bbox 474 1290 2691 1680">
     <span class='ocr_line' id='line_1_10' title="bbox 485 1290 2688 1357; baseline -0.001 -17"><span class='ocrx_word' id='word_1_66' title='bbox 485 1292 650 1352; x_wconf 78' lang='lat' dir='ltr'>taedas,</span> <span class='ocrx_word' id='word_1_67' title='bbox 674 1296 720 1339; x_wconf 77' lang='lat' dir='ltr'>et</span> <span class='ocrx_word' id='word_1_68' title='bbox 739 1291 935 1339; x_wconf 76' lang='lat' dir='ltr'><strong><em>missilia</em></strong></span> <span class='ocrx_word' id='word_1_69' title='bbox 957 1291 1147 1352; x_wconf 71' lang='lat' dir='ltr'>injicere</span> <span class='ocrx_word' id='word_1_70' title='bbox 1169 1292 1369 1341; x_wconf 82' lang='lat' dir='ltr'>ballistis</span> <span class='ocrx_word' id='word_1_71' title='bbox 1389 1298 1437 1341; x_wconf 80' lang='lat' dir='ltr'>ct</span> <span class='ocrx_word' id='word_1_72' title='bbox 1466 1293 1722 1356; x_wconf 71' lang='lat' dir='ltr'>catapultis</span> <span class='ocrx_word' id='word_1_73' title='bbox 1757 1293 2016 1357; x_wconf 76' lang='lat' dir='ltr'>praecipit.</span> <span class='ocrx_word' id='word_1_74' title='bbox 2080 1294 2414 1343; x_wconf 76' lang='lat' dir='ltr'>Libratoribus</span> <span class='ocrx_word' id='word_1_75' title='bbox 2443 1298 2490 1341; x_wconf 79' lang='lat' dir='ltr'>et</span> <span class='ocrx_word' id='word_1_76' title='bbox 2513 1290 2688 1352; x_wconf 73' lang='lat' dir='ltr'>sundi-</span> 
     </span>
     <span class='ocr_line' id='line_1_11' title="bbox 485 1356 2684 1421; baseline 0 -19"><span class='ocrx_word' id='word_1_77' title='bbox 485 1356 682 1404; x_wconf 78' lang='lat' dir='ltr'>bulariis</span> <span class='ocrx_word' id='word_1_78' title='bbox 702 1370 786 1403; x_wconf 81' lang='lat' dir='ltr'>sua</span> <span class='ocrx_word' id='word_1_79' title='bbox 804 1356 948 1403; x_wconf 80' lang='lat' dir='ltr'>statio</span> <span class='ocrx_word' id='word_1_80' title='bbox 971 1357 1213 1416; x_wconf 76' lang='lat' dir='ltr'>assignata</span> <span class='ocrx_word' id='word_1_81' title='bbox 1235 1362 1322 1418; x_wconf 78' lang='lat' dir='ltr'>est,</span> <span class='ocrx_word' id='word_1_82' title='bbox 1355 1360 1476 1405; x_wconf 78' lang='lat' dir='ltr'>unde</span> <span class='ocrx_word' id='word_1_83' title='bbox 1508 1360 1675 1419; x_wconf 77' lang='lat' dir='ltr'>procul</span> <span class='ocrx_word' id='word_1_84' title='bbox 1707 1360 1904 1418; x_wconf 80' lang='lat' dir='ltr'>glandes</span> <span class='ocrx_word' id='word_1_85' title='bbox 1924 1358 2228 1416; x_wconf 74' lang='lat' dir='ltr'>emitterent5</span> <span class='ocrx_word' id='word_1_86' title='bbox 2277 1374 2335 1407; x_wconf 77' lang='lat' dir='ltr'>ne</span> <span class='ocrx_word' id='word_1_87' title='bbox 2355 1374 2446 1421; x_wconf 78' lang='lat' dir='ltr'>qua</span> <span class='ocrx_word' id='word_1_88' title='bbox 2467 1371 2527 1406; x_wconf 84' lang='lat' dir='ltr'>ex</span> <span class='ocrx_word' id='word_1_89' title='bbox 2546 1361 2684 1416; x_wconf 77' lang='lat' dir='ltr'>parte</span> 
     </span>
     <span class='ocr_line' id='line_1_12' title="bbox 485 1419 2689 1484; baseline 0.002 -17"><span class='ocrx_word' id='word_1_90' title='bbox 485 1419 684 1469; x_wconf 73' lang='lat' dir='ltr'>castelli</span> <span class='ocrx_word' id='word_1_91' title='bbox 717 1419 1094 1481; x_wconf 74' lang='lat' dir='ltr'>periclitantibus</span> <span class='ocrx_word' id='word_1_92' title='bbox 1113 1420 1343 1468; x_wconf 66' lang='lat' dir='ltr'>amilium</span> <span class='ocrx_word' id='word_1_93' title='bbox 1367 1421 1475 1470; x_wconf 83' lang='lat' dir='ltr'>dari</span> <span class='ocrx_word' id='word_1_94' title='bbox 1493 1428 1666 1484; x_wconf 73' lang='lat' dir='ltr'>posset,</span> <span class='ocrx_word' id='word_1_95' title='bbox 1685 1424 1840 1469; x_wconf 81' lang='lat' dir='ltr'>eodem</span> <span class='ocrx_word' id='word_1_96' title='bbox 1872 1422 2050 1484; x_wconf 80' lang='lat' dir='ltr'>passim</span> <span class='ocrx_word' id='word_1_97' title='bbox 2070 1426 2252 1470; x_wconf 83' lang='lat' dir='ltr'>terrore</span> <span class='ocrx_word' id='word_1_98' title='bbox 2273 1423 2436 1472; x_wconf 75' lang='lat' dir='ltr'>illato.</span> <span class='ocrx_word' id='word_1_99' title='bbox 2508 1422 2689 1472; x_wconf 66' lang='lat' dir='ltr'>Tanta-5</span> 
     </span>
     <span class='ocr_line' id='line_1_13' title="bbox 486 1482 2684 1549; baseline 0 -19"><span class='ocrx_word' id='word_1_100' title='bbox 486 1483 596 1530; x_wconf 76' lang='lat' dir='ltr'>exin</span> <span class='ocrx_word' id='word_1_101' title='bbox 623 1482 730 1542; x_wconf 81' lang='lat' dir='ltr'>fuit</span> <span class='ocrx_word' id='word_1_102' title='bbox 751 1483 953 1545; x_wconf 81' lang='lat' dir='ltr'>impetus</span> <span class='ocrx_word' id='word_1_103' title='bbox 969 1484 1240 1533; x_wconf 76' lang='lat' dir='ltr'><strong><em>dimicantis</em></strong></span> <span class='ocrx_word' id='word_1_104' title='bbox 1260 1485 1447 1547; x_wconf 77' lang='lat' dir='ltr'>militis,</span> <span class='ocrx_word' id='word_1_105' title='bbox 1469 1491 1522 1533; x_wconf 82' lang='lat' dir='ltr'>ut</span> <span class='ocrx_word' id='word_1_106' title='bbox 1543 1492 1653 1534; x_wconf 80' lang='lat' dir='ltr'>anta</span> <span class='ocrx_word' id='word_1_107' title='bbox 1673 1486 1835 1533; x_wconf 80' lang='lat' dir='ltr'>horam</span> <span class='ocrx_word' id='word_1_108' title='bbox 1858 1488 2089 1535; x_wconf 48' lang='lat' dir='ltr'>decimam</span> <span class='ocrx_word' id='word_1_109' title='bbox 2114 1488 2240 1549; x_wconf 77' lang='lat' dir='ltr'>pulsi</span> <span class='ocrx_word' id='word_1_110' title='bbox 2263 1503 2288 1535; x_wconf 88' lang='lat' dir='ltr'>e</span> <span class='ocrx_word' id='word_1_111' title='bbox 2319 1487 2467 1535; x_wconf 76' lang='lat' dir='ltr'>muris</span> <span class='ocrx_word' id='word_1_112' title='bbox 2490 1486 2581 1534; x_wconf 78' lang='lat' dir='ltr'>sint</span> <span class='ocrx_word' id='word_1_113' title='bbox 2604 1485 2684 1531; x_wconf 80' lang='lat' dir='ltr'>de·</span> 
     </span>
     <span class='ocr_line' id='line_1_14' title="bbox 474 1546 2687 1613; baseline 0 -18"><span class='ocrx_word' id='word_1_114' title='bbox 474 1546 705 1608; x_wconf 70' lang='lat' dir='ltr'>senseras,</span> <span class='ocrx_word' id='word_1_115' title='bbox 723 1549 927 1595; x_wconf 80' lang='lat' dir='ltr'>claustra</span> <span class='ocrx_word' id='word_1_116' title='bbox 961 1554 1205 1609; x_wconf 72' lang='lat' dir='ltr'>portorum</span> <span class='ocrx_word' id='word_1_117' title='bbox 1228 1551 1437 1611; x_wconf 75' lang='lat' dir='ltr'>subruta,</span> <span class='ocrx_word' id='word_1_118' title='bbox 1473 1558 1743 1611; x_wconf 76' lang='lat' dir='ltr'>expugnata</span> <span class='ocrx_word' id='word_1_119' title='bbox 1762 1551 1902 1598; x_wconf 82' lang='lat' dir='ltr'>scalis</span> <span class='ocrx_word' id='word_1_120' title='bbox 1918 1552 2106 1613; x_wconf 80' lang='lat' dir='ltr'>moenia,</span> <span class='ocrx_word' id='word_1_121' title='bbox 2123 1566 2366 1612; x_wconf 79' lang='lat' dir='ltr'>omnesque</span> <span class='ocrx_word' id='word_1_122' title='bbox 2394 1550 2588 1613; x_wconf 75' lang='lat' dir='ltr'>puberes</span> <span class='ocrx_word' id='word_1_123' title='bbox 2607 1547 2687 1593; x_wconf 85' lang='lat' dir='ltr'>ob-</span> 
     </span>
     <span class='ocr_line' id='line_1_15' title="bbox 486 1611 2691 1680; baseline -0 -21"><span class='ocrx_word' id='word_1_124' title='bbox 486 1612 694 1661; x_wconf 64' lang='lat' dir='ltr'>truncati</span> <span class='ocrx_word' id='word_1_125' title='bbox 714 1612 830 1676; x_wconf 78' lang='lat' dir='ltr'>sint,</span> <span class='ocrx_word' id='word_1_126' title='bbox 852 1614 978 1661; x_wconf 79' lang='lat' dir='ltr'>nullo</span> <span class='ocrx_word' id='word_1_127' title='bbox 1000 1613 1246 1662; x_wconf 78' lang='lat' dir='ltr'>interemto</span> <span class='ocrx_word' id='word_1_128' title='bbox 1269 1614 1419 1662; x_wconf 79' lang='lat' dir='ltr'>milite</span> <span class='ocrx_word' id='word_1_129' title='bbox 1442 1621 1636 1677; x_wconf 72' lang='lat' dir='ltr'>nostro,</span> <span class='ocrx_word' id='word_1_130' title='bbox 1670 1614 1834 1676; x_wconf 76' lang='lat' dir='ltr'>paucis</span> <span class='ocrx_word' id='word_1_131' title='bbox 1872 1616 2119 1664; x_wconf 82' lang='lat' dir='ltr'>admodum</span> <span class='ocrx_word' id='word_1_132' title='bbox 2153 1615 2400 1680; x_wconf 78' lang='lat' dir='ltr'>sauciatis,</span> <span class='ocrx_word' id='word_1_133' title='bbox 2423 1618 2470 1665; x_wconf 76' lang='lat' dir='ltr'>et</span> <span class='ocrx_word' id='word_1_134' title='bbox 2492 1611 2691 1661; x_wconf 71' lang='lat' dir='ltr'>imbdlis</span> 
     </span>
    </p>
   </div>
   <div class='ocr_carea' id='block_1_5' title="bbox 1409 1724 1765 1744">
    <p class='ocr_par' dir='ltr' id='par_1_5' title="bbox 1409 1724 1765 1744">
     <span class='ocr_line' id='line_1_16' title="bbox 1409 1724 1765 1744; baseline 0 -1"><span class='ocrx_word' id='word_1_135' title='bbox 1409 1724 1765 1744; x_wconf 49' lang='lat'>000000000000</span> 
     </span>
    </p>
   </div>
   <div class='ocr_carea' id='block_1_6' title="bbox 475 1799 2761 2315">
    <p class='ocr_par' dir='ltr' id='par_1_6' title="bbox 475 1799 2761 2315">
     <span class='ocr_line' id='line_1_17' title="bbox 475 1799 2684 1865; baseline 0.001 -19"><span class='ocrx_word' id='word_1_136' title='bbox 475 1800 602 1861; x_wconf 79' lang='lat' dir='ltr'>fuga</span> <span class='ocrx_word' id='word_1_137' title='bbox 624 1799 1039 1865; x_wconf 72' lang='lat' dir='ltr'>confidentm.—-5</span> <span class='ocrx_word' id='word_1_138' title='bbox 1076 1801 1162 1849; x_wconf 86' lang='lat' dir='ltr'>Ita</span> <span class='ocrx_word' id='word_1_139' title='bbox 1181 1801 1308 1851; x_wconf 86' lang='lat' dir='ltr'>Mss.</span> <span class='ocrx_word' id='word_1_140' title='bbox 1332 1800 1483 1850; x_wconf 84' lang='lat' dir='ltr'>Harl.</span> <span class='ocrx_word' id='word_1_141' title='bbox 1504 1802 1654 1850; x_wconf 89' lang='lat' dir='ltr'>Bodl.</span> <span class='ocrx_word' id='word_1_142' title='bbox 1678 1802 1788 1852; x_wconf 86' lang='lat' dir='ltr'>Jes.</span> <span class='ocrx_word' id='word_1_143' title='bbox 1811 1799 1989 1850; x_wconf 85' lang='lat' dir='ltr'>Guelf.</span> <span class='ocrx_word' id='word_1_144' title='bbox 2032 1800 2286 1850; x_wconf 78' lang='lat' dir='ltr'><strong><em>editiones</em></strong></span> <span class='ocrx_word' id='word_1_145' title='bbox 2319 1804 2525 1849; x_wconf 77' lang='lat' dir='ltr'>veteres</span> <span class='ocrx_word' id='word_1_146' title='bbox 2548 1799 2684 1849; x_wconf 84' lang='lat' dir='ltr'>aliae-</span> 
     </span>
     <span class='ocr_line' id='line_1_18' title="bbox 488 1863 2761 1931; baseline 0.001 -21"><span class='ocrx_word' id='word_1_147' title='bbox 488 1878 585 1927; x_wconf 87' lang='lat' dir='ltr'>que</span> <span class='ocrx_word' id='word_1_148' title='bbox 608 1866 838 1927; x_wconf 83' lang='lat' dir='ltr'>optimae.</span> <span class='ocrx_word' id='word_1_149' title='bbox 916 1865 1034 1915; x_wconf 84' lang='lat' dir='ltr'>Jac.</span> <span class='ocrx_word' id='word_1_150' title='bbox 1070 1866 1359 1922; x_wconf 82' lang='lat' dir='ltr'>Gronovius</span> <span class='ocrx_word' id='word_1_151' title='bbox 1396 1880 1460 1913; x_wconf 81' lang='lat' dir='ltr'>ex</span> <span class='ocrx_word' id='word_1_152' title='bbox 1500 1867 1556 1913; x_wconf 85' lang='lat' dir='ltr'><strong>M</strong></span> <span class='ocrx_word' id='word_1_153' title='bbox 1563 1882 1603 1915; x_wconf 74' lang='lat' dir='ltr'>S.</span> <span class='ocrx_word' id='word_1_154' title='bbox 1626 1867 1761 1914; x_wconf 87' lang='lat' dir='ltr'>Flor.</span> <span class='ocrx_word' id='word_1_155' title='bbox 1786 1866 1968 1925; x_wconf 82' lang='lat' dir='ltr'>edidit,</span> <span class='ocrx_word' id='word_1_156' title='bbox 1991 1864 2300 1931; x_wconf 73' lang='lat' dir='ltr'><strong><em>libritoribus,</em></strong></span> <span class='ocrx_word' id='word_1_157' title='bbox 2317 1871 2379 1913; x_wconf 85' lang='lat' dir='ltr'>ut</span> <span class='ocrx_word' id='word_1_158' title='bbox 2405 1863 2591 1913; x_wconf 81' lang='lat' dir='ltr'>Annal.</span> <span class='ocrx_word' id='word_1_159' title='bbox 2618 1877 2684 1914; x_wconf 84' lang='lat' dir='ltr'>u.</span> <span class='ocrx_word' id='word_1_160' title='bbox 2754 1867 2761 1871; x_wconf 87' lang='grc'><strong><em>’</em></strong></span> 
     </span>
     <span class='ocr_line' id='line_1_19' title="bbox 487 1928 2686 1992; baseline 0 -16"><span class='ocrx_word' id='word_1_161' title='bbox 487 1933 568 1977; x_wconf 81' lang='grc'>20.</span> <span class='ocrx_word' id='word_1_162' title='bbox 591 1929 870 1977; x_wconf 63' lang='lat' dir='ltr'>libr-iturea·</span> <span class='ocrx_word' id='word_1_163' title='bbox 909 1929 1202 1989; x_wconf 79' lang='lat' dir='ltr'>Libratores,</span> <span class='ocrx_word' id='word_1_164' title='bbox 1238 1944 1336 1978; x_wconf 87' lang='lat' dir='ltr'>non</span> <span class='ocrx_word' id='word_1_165' title='bbox 1372 1930 1630 1990; x_wconf 63' lang='lat' dir='ltr'>libr-icore,</span> <span class='ocrx_word' id='word_1_166' title='bbox 1654 1930 1839 1992; x_wconf 84' lang='lat' dir='ltr'>passim</span> <span class='ocrx_word' id='word_1_167' title='bbox 1874 1930 1928 1977; x_wconf 92' lang='lat' dir='ltr'>in</span> <span class='ocrx_word' id='word_1_168' title='bbox 1963 1929 2201 1977; x_wconf 85' lang='lat' dir='ltr'>omnibus</span> <span class='ocrx_word' id='word_1_169' title='bbox 2220 1928 2558 1991; x_wconf 83' lang='lat' dir='ltr'>scriptoribus</span> <span class='ocrx_word' id='word_1_170' title='bbox 2582 1931 2686 1976; x_wconf 85' lang='lat' dir='ltr'>me-</span> 
     </span>
     <span class='ocr_line' id='line_1_20' title="bbox 489 1992 2685 2057; baseline 0.001 -19"><span class='ocrx_word' id='word_1_171' title='bbox 489 2000 771 2041; x_wconf 81' lang='lat' dir='ltr'>morantur.</span> <span class='ocrx_word' id='word_1_172' title='bbox 808 1994 1121 2041; x_wconf 64' lang='lat' dir='ltr'>Erotion—6</span> <span class='ocrx_word' id='word_1_173' title='bbox 1154 1994 1239 2041; x_wconf 84' lang='lat' dir='ltr'>lta</span> <span class='ocrx_word' id='word_1_174' title='bbox 1264 1994 1382 2041; x_wconf 83' lang='lat' dir='ltr'>libri</span> <span class='ocrx_word' id='word_1_175' title='bbox 1405 2008 1579 2042; x_wconf 78' lang='lat' dir='ltr'>omnes</span> <span class='ocrx_word' id='word_1_176' title='bbox 1603 1995 1782 2057; x_wconf 87' lang='lat' dir='ltr'>scripti</span> <span class='ocrx_word' id='word_1_177' title='bbox 1804 2000 1859 2042; x_wconf 87' lang='lat' dir='ltr'>et</span> <span class='ocrx_word' id='word_1_178' title='bbox 1882 1993 2008 2042; x_wconf 86' lang='lat' dir='ltr'>editi</span> <span class='ocrx_word' id='word_1_179' title='bbox 2040 2000 2163 2042; x_wconf 87' lang='lat' dir='ltr'>ante</span> <span class='ocrx_word' id='word_1_180' title='bbox 2198 1992 2448 2055; x_wconf 82' lang='lat' dir='ltr'>Lipsium‚</span> <span class='ocrx_word' id='word_1_181' title='bbox 2472 1993 2560 2055; x_wconf 89' lang='lat' dir='ltr'>qui</span> <span class='ocrx_word' id='word_1_182' title='bbox 2580 1993 2685 2041; x_wconf 87' lang='lat' dir='ltr'>edl-</span> 
     </span>
     <span class='ocr_line' id='line_1_21' title="bbox 490 2056 2686 2119; baseline 0.001 -17"><span class='ocrx_word' id='word_1_183' title='bbox 490 2056 585 2117; x_wconf 88' lang='lat' dir='ltr'>dit,</span> <span class='ocrx_word' id='word_1_184' title='bbox 618 2061 778 2112; x_wconf 59' lang='lat' dir='ltr'>metm</span> <span class='ocrx_word' id='word_1_185' title='bbox 826 2057 1092 2117; x_wconf 74' lang='lat' dir='ltr'>eleganter</span> <span class='ocrx_word' id='word_1_186' title='bbox 1116 2057 1337 2119; x_wconf 86' lang='lat' dir='ltr'>quidem.</span> <span class='ocrx_word' id='word_1_187' title='bbox 1419 2057 1495 2106; x_wconf 85' lang='lat' dir='ltr'>At</span> <span class='ocrx_word' id='word_1_188' title='bbox 1533 2058 1588 2108; x_wconf 89' lang='lat' dir='ltr'>J.</span> <span class='ocrx_word' id='word_1_189' title='bbox 1629 2057 1919 2107; x_wconf 82' lang='lat' dir='ltr'>Gronovius</span> <span class='ocrx_word' id='word_1_190' title='bbox 1956 2064 2013 2105; x_wconf 89' lang='lat' dir='ltr'>et</span> <span class='ocrx_word' id='word_1_191' title='bbox 2050 2058 2300 2105; x_wconf 85' lang='lat' dir='ltr'>Ernestns</span> <span class='ocrx_word' id='word_1_192' title='bbox 2330 2059 2516 2105; x_wconf 78' lang='lat' dir='ltr'>merito</span> <span class='ocrx_word' id='word_1_193' title='bbox 2540 2071 2686 2119; x_wconf 87' lang='lat' dir='ltr'>repo-</span> 
     </span>
     <span class='ocr_line' id='line_1_22' title="bbox 490 2120 2688 2183; baseline 0 -15"><span class='ocrx_word' id='word_1_194' title='bbox 490 2133 655 2179; x_wconf 80' lang='lat' dir='ltr'>suere,</span> <span class='ocrx_word' id='word_1_195' title='bbox 675 2128 820 2168; x_wconf 80' lang='lat' dir='ltr'>motu.</span> <span class='ocrx_word' id='word_1_196' title='bbox 885 2120 1006 2167; x_wconf 88' lang='lat' dir='ltr'>Sine</span> <span class='ocrx_word' id='word_1_197' title='bbox 1040 2121 1287 2169; x_wconf 86' lang='lat' dir='ltr'>librorum</span> <span class='ocrx_word' id='word_1_198' title='bbox 1310 2123 1620 2170; x_wconf 86' lang='lat' dir='ltr'>auctoritate</span> <span class='ocrx_word' id='word_1_199' title='bbox 1641 2137 1738 2169; x_wconf 86' lang='lat' dir='ltr'>uon</span> <span class='ocrx_word' id='word_1_200' title='bbox 1766 2121 2088 2170; x_wconf 86' lang='lat' dir='ltr'>amandanda</span> <span class='ocrx_word' id='word_1_201' title='bbox 2110 2134 2226 2183; x_wconf 86' lang='lat' dir='ltr'>vox,</span> <span class='ocrx_word' id='word_1_202' title='bbox 2261 2134 2379 2183; x_wconf 86' lang='lat' dir='ltr'>quae</span> <span class='ocrx_word' id='word_1_203' title='bbox 2412 2121 2535 2168; x_wconf 87' lang='lat' dir='ltr'>nibil</span> <span class='ocrx_word' id='word_1_204' title='bbox 2570 2135 2688 2182; x_wconf 82' lang='lat' dir='ltr'>pec·</span> 
     </span>
     <span class='ocr_line' id='line_1_23' title="bbox 489 2183 2690 2247; baseline 0 -14"><span class='ocrx_word' id='word_1_205' title='bbox 489 2188 591 2233; x_wconf 84' lang='lat' dir='ltr'>cat.</span> <span class='ocrx_word' id='word_1_206' title='bbox 659 2183 904 2233; x_wconf 70' lang='lat' dir='ltr'>Idem—7</span> <span class='ocrx_word' id='word_1_207' title='bbox 938 2185 1067 2233; x_wconf 87' lang='lat' dir='ltr'>Mss.</span> <span class='ocrx_word' id='word_1_208' title='bbox 1105 2185 1254 2233; x_wconf 86' lang='lat' dir='ltr'>Harl.</span> <span class='ocrx_word' id='word_1_209' title='bbox 1296 2185 1445 2235; x_wconf 88' lang='lat' dir='ltr'>Bodl.</span> <span class='ocrx_word' id='word_1_210' title='bbox 1482 2186 1592 2236; x_wconf 79' lang='lat' dir='ltr'>Jes.</span> <span class='ocrx_word' id='word_1_211' title='bbox 1618 2193 1671 2234; x_wconf 87' lang='lat' dir='ltr'>et</span> <span class='ocrx_word' id='word_1_212' title='bbox 1690 2186 1944 2233; x_wconf 81' lang='lat' dir='ltr'>editiones</span> <span class='ocrx_word' id='word_1_213' title='bbox 1968 2193 2416 2245; x_wconf 48' lang='lat' dir='ltr'>vetet-efficaciter.</span> <span class='ocrx_word' id='word_1_214' title='bbox 2481 2184 2690 2247; x_wconf 76' lang='lat' dir='ltr'><strong><em>Lipsius</em></strong></span> 
     </span>
     <span class='ocr_line' id='line_1_24' title="bbox 494 2248 2693 2315; baseline 0.002 -19"><span class='ocrx_word' id='word_1_215' title='bbox 494 2254 549 2297; x_wconf 90' lang='lat' dir='ltr'>et</span> <span class='ocrx_word' id='word_1_216' title='bbox 573 2248 891 2298; x_wconf 76' lang='lat' dir='ltr'>recentiores</span> <span class='ocrx_word' id='word_1_217' title='bbox 912 2263 1105 2314; x_wconf 87' lang='lat' dir='ltr'>omnes,</span> <span class='ocrx_word' id='word_1_218' title='bbox 1126 2264 1328 2302; x_wconf 77' lang='lat' dir='ltr'>escensu.</span> <span class='ocrx_word' id='word_1_219' title='bbox 1361 2248 1593 2315; x_wconf 83' lang='lat' dir='ltr'>Antiqua</span> <span class='ocrx_word' id='word_1_220' title='bbox 1615 2251 1747 2298; x_wconf 86' lang='lat' dir='ltr'>enim</span> <span class='ocrx_word' id='word_1_221' title='bbox 1769 2264 1890 2313; x_wconf 81' lang='lat' dir='ltr'>vox,</span> <span class='ocrx_word' id='word_1_222' title='bbox 1905 2263 2005 2300; x_wconf 84' lang='lat' dir='ltr'>neo</span> <span class='ocrx_word' id='word_1_223' title='bbox 2020 2250 2202 2300; x_wconf 82' lang='lat' dir='ltr'>Tacito</span> <span class='ocrx_word' id='word_1_224' title='bbox 2225 2249 2442 2298; x_wconf 83' lang='lat' dir='ltr'>insueta.</span> <span class='ocrx_word' id='word_1_225' title='bbox 2472 2249 2693 2300; x_wconf 73' lang='lat' dir='ltr'>Bretier.</span> 
     </span>
    </p>
   </div>
   <div class='ocr_carea' id='block_1_7' title="bbox 1487 2381 1701 2433">
    <p class='ocr_par' dir='ltr' id='par_1_7' title="bbox 1487 2381 1701 2433">
     <span class='ocr_line' id='line_1_25' title="bbox 1487 2381 1701 2433; baseline -0.009 0"><span class='ocrx_word' id='word_1_226' title='bbox 1487 2381 1701 2433; x_wconf 84' lang='lat' dir='ltr'><strong>NOTAE</strong></span> 
     </span>
    </p>
   </div>
   <div class='ocr_carea' id='block_1_8' title="bbox 491 2477 1558 4286">
    <p class='ocr_par' dir='ltr' id='par_1_8' title="bbox 491 2477 1551 2920">
     <span class='ocr_line' id='line_1_26' title="bbox 556 2477 1550 2543; baseline 0.003 -17"><span class='ocrx_word' id='word_1_227' title='bbox 556 2485 581 2509; x_wconf 60' lang='grc' dir='ltr'><strong>Β</strong></span> <span class='ocrx_word' id='word_1_228' title='bbox 632 2477 765 2526; x_wconf 75' lang='lat' dir='ltr'>Unde</span> <span class='ocrx_word' id='word_1_229' title='bbox 808 2478 989 2527; x_wconf 79' lang='lat' dir='ltr'>eminus</span> <span class='ocrx_word' id='word_1_230' title='bbox 1026 2480 1222 2539; x_wconf 77' lang='lat' dir='ltr'>glandes</span> <span class='ocrx_word' id='word_1_231' title='bbox 1262 2481 1550 2543; x_wconf 75' lang='lat' dir='ltr'>torquerent]</span> 
     </span>
     <span class='ocr_line' id='line_1_27' title="bbox 491 2552 1551 2618; baseline 0.001 -16"><span class='ocrx_word' id='word_1_232' title='bbox 491 2552 789 2602; x_wconf 82' lang='lat' dir='ltr'>Libratores</span> <span class='ocrx_word' id='word_1_233' title='bbox 809 2567 929 2614; x_wconf 87' lang='lat' dir='ltr'>ergo</span> <span class='ocrx_word' id='word_1_234' title='bbox 954 2553 1166 2615; x_wconf 76' lang='lat' dir='ltr'>glandes</span> <span class='ocrx_word' id='word_1_235' title='bbox 1206 2554 1551 2618; x_wconf 76' lang='lat' dir='ltr'>torquebant?</span> 
     </span>
     <span class='ocr_line' id='line_1_28' title="bbox 491 2626 1549 2692; baseline 0.001 -16"><span class='ocrx_word' id='word_1_236' title='bbox 491 2629 645 2676; x_wconf 88' lang='lat' dir='ltr'>immo</span> <span class='ocrx_word' id='word_1_237' title='bbox 679 2627 804 2689; x_wconf 88' lang='lat' dir='ltr'>tela,</span> <span class='ocrx_word' id='word_1_238' title='bbox 837 2626 1152 2690; x_wconf 82' lang='lat' dir='ltr'>lapidesque.</span> <span class='ocrx_word' id='word_1_239' title='bbox 1230 2628 1447 2692; x_wconf 85' lang='lat' dir='ltr'>Integer</span> <span class='ocrx_word' id='word_1_240' title='bbox 1478 2629 1549 2678; x_wconf 91' lang='lat' dir='ltr'>lo-</span> 
     </span>
     <span class='ocr_line' id='line_1_29' title="bbox 492 2702 1548 2768; baseline 0.003 -16"><span class='ocrx_word' id='word_1_241' title='bbox 492 2718 605 2764; x_wconf 75' lang='lat' dir='ltr'>cuS,</span> <span class='ocrx_word' id='word_1_242' title='bbox 645 2703 782 2768; x_wconf 79' lang='lat' dir='ltr'>q&#39;uod</span> <span class='ocrx_word' id='word_1_243' title='bbox 823 2702 1031 2766; x_wconf 82' lang='lat' dir='ltr'>mirere,</span> <span class='ocrx_word' id='word_1_244' title='bbox 1072 2704 1208 2767; x_wconf 88' lang='lat' dir='ltr'>apud</span> <span class='ocrx_word' id='word_1_245' title='bbox 1248 2705 1548 2768; x_wconf 86' lang='lat' dir='ltr'>Calepinnm</span> 
     </span>
     <span class='ocr_line' id='line_1_30' title="bbox 492 2780 1551 2846; baseline 0.005 -18"><span class='ocrx_word' id='word_1_246' title='bbox 492 2781 714 2844; x_wconf 75' lang='lat' dir='ltr'>legitur:</span> <span class='ocrx_word' id='word_1_247' title='bbox 769 2781 785 2808; x_wconf 91' lang='lat'>‘</span> <span class='ocrx_word' id='word_1_248' title='bbox 810 2780 948 2830; x_wconf 88' lang='lat' dir='ltr'>unde</span> <span class='ocrx_word' id='word_1_249' title='bbox 1002 2780 1199 2830; x_wconf 89' lang='lat' dir='ltr'>eminus</span> <span class='ocrx_word' id='word_1_250' title='bbox 1248 2783 1445 2846; x_wconf 82' lang='lat' dir='ltr'>lapides</span> <span class='ocrx_word' id='word_1_251' title='bbox 1495 2788 1551 2833; x_wconf 88' lang='lat' dir='ltr'>et</span> 
     </span>
     <span class='ocr_line' id='line_1_31' title="bbox 492 2855 1430 2920; baseline 0.001 -18"><span class='ocrx_word' id='word_1_252' title='bbox 492 2855 704 2919; x_wconf 83' lang='lat' dir='ltr'>glandes</span> <span class='ocrx_word' id='word_1_253' title='bbox 727 2855 1065 2919; x_wconf 70' lang='lat' dir='ltr'>torquerent!</span> <span class='ocrx_word' id='word_1_254' title='bbox 1128 2857 1338 2920; x_wconf 54' lang='lat' dir='ltr'>Lipsius.</span> <span class='ocrx_word' id='word_1_255' title='bbox 1405 2876 1430 2903; x_wconf 65' lang='lat' dir='ltr'>a</span> 
     </span>
    </p>

    <p class='ocr_par' dir='ltr' id='par_1_9' title="bbox 491 2931 1552 3224">
     <span class='ocr_line' id='line_1_32' title="bbox 562 2931 1552 2994; baseline 0.004 -14"><span class='ocrx_word' id='word_1_256' title='bbox 562 2931 793 2993; x_wconf 77' lang='lat' dir='ltr'>Glandes]</span> <span class='ocrx_word' id='word_1_257' title='bbox 855 2933 942 2980; x_wconf 87' lang='lat' dir='ltr'>De</span> <span class='ocrx_word' id='word_1_258' title='bbox 979 2932 1141 2994; x_wconf 81' lang='lat' dir='ltr'>globis</span> <span class='ocrx_word' id='word_1_259' title='bbox 1162 2932 1343 2982; x_wconf 84' lang='lat' dir='ltr'>ferreis</span> <span class='ocrx_word' id='word_1_260' title='bbox 1362 2935 1552 2984; x_wconf 85' lang='lat' dir='ltr'>intelli·</span> 
     </span>
     <span class='ocr_line' id='line_1_33' title="bbox 491 3006 1551 3074; baseline 0.005 -20"><span class='ocrx_word' id='word_1_261' title='bbox 491 3013 624 3069; x_wconf 82' lang='lat' dir='ltr'>gunt</span> <span class='ocrx_word' id='word_1_262' title='bbox 646 3006 910 3055; x_wconf 83' lang='lat' dir='ltr'>vernaculi</span> <span class='ocrx_word' id='word_1_263' title='bbox 931 3007 1269 3068; x_wconf 85' lang='lat' dir='ltr'>Interpretes‚</span> <span class='ocrx_word' id='word_1_264' title='bbox 1292 3009 1382 3058; x_wconf 88' lang='lat' dir='ltr'>sed</span> <span class='ocrx_word' id='word_1_265' title='bbox 1405 3010 1551 3074; x_wconf 88' lang='lat' dir='ltr'>quid·</span> 
     </span>
     <span class='ocr_line' id='line_1_34' title="bbox 492 3081 1551 3149; baseline 0.006 -20"><span class='ocrx_word' id='word_1_266' title='bbox 492 3082 546 3130; x_wconf 86' lang='lat' dir='ltr'>ni</span> <span class='ocrx_word' id='word_1_267' title='bbox 569 3081 720 3144; x_wconf 78' lang='lat' dir='ltr'>aenei,</span> <span class='ocrx_word' id='word_1_268' title='bbox 750 3088 840 3130; x_wconf 88' lang='lat' dir='ltr'>aut</span> <span class='ocrx_word' id='word_1_269' title='bbox 875 3081 1032 3130; x_wconf 87' lang='lat' dir='ltr'>etiam</span> <span class='ocrx_word' id='word_1_270' title='bbox 1055 3081 1282 3146; x_wconf 87' lang='lat' dir='ltr'>plumbei</span> <span class='ocrx_word' id='word_1_271' title='bbox 1316 3099 1426 3133; x_wconf 88' lang='lat' dir='ltr'>esse</span> <span class='ocrx_word' id='word_1_272' title='bbox 1465 3101 1551 3149; x_wconf 87' lang='lat' dir='ltr'>po-</span> 
     </span>
     <span class='ocr_line' id='line_1_35' title="bbox 494 3159 1484 3224; baseline 0.002 -17"><span class='ocrx_word' id='word_1_273' title='bbox 494 3159 720 3207; x_wconf 73' lang='lat' dir='ltr'>tuerint?</span> <span class='ocrx_word' id='word_1_274' title='bbox 1053 3212 1060 3221; x_wconf 59' lang='grc'>,</span> <span class='ocrx_word' id='word_1_275' title='bbox 1477 3220 1484 3224; x_wconf 71' lang='lat'><em>‚</em></span> 
     </span>
    </p>

    <p class='ocr_par' dir='ltr' id='par_1_10' title="bbox 493 3232 1558 3665">
     <span class='ocr_line' id='line_1_36' title="bbox 558 3232 1551 3298; baseline 0.005 -17"><span class='ocrx_word' id='word_1_276' title='bbox 558 3241 582 3266; x_wconf 82' lang='lat'>⁰</span> <span class='ocrx_word' id='word_1_277' title='bbox 617 3234 694 3282; x_wconf 88' lang='lat' dir='ltr'>Ne</span> <span class='ocrx_word' id='word_1_278' title='bbox 714 3249 804 3297; x_wconf 79' lang='lat' dir='ltr'>qua</span> <span class='ocrx_word' id='word_1_279' title='bbox 819 3233 957 3298; x_wconf 79' lang='lat' dir='ltr'>pars]</span> <span class='ocrx_word' id='word_1_280' title='bbox 999 3232 1087 3284; x_wconf 83' lang='lat' dir='ltr'>Ita</span> <span class='ocrx_word' id='word_1_281' title='bbox 1110 3235 1387 3286; x_wconf 88' lang='lat' dir='ltr'>attributus</span> <span class='ocrx_word' id='word_1_282' title='bbox 1409 3239 1551 3287; x_wconf 87' lang='lat' dir='ltr'>locus</span> 
     </span>
     <span class='ocr_line' id='line_1_37' title="bbox 493 3312 1552 3379; baseline 0.002 -17"><span class='ocrx_word' id='word_1_283' title='bbox 493 3312 854 3374; x_wconf 76' lang='lat' dir='ltr'>funditoribus,</span> <span class='ocrx_word' id='word_1_284' title='bbox 889 3320 947 3362; x_wconf 90' lang='lat' dir='ltr'>ut</span> <span class='ocrx_word' id='word_1_285' title='bbox 983 3316 1172 3365; x_wconf 88' lang='lat' dir='ltr'>nullam</span> <span class='ocrx_word' id='word_1_286' title='bbox 1209 3329 1312 3363; x_wconf 90' lang='lat' dir='ltr'>non</span> <span class='ocrx_word' id='word_1_287' title='bbox 1348 3326 1552 3379; x_wconf 84' lang='lat' dir='ltr'>partem</span> 
     </span>
     <span class='ocr_line' id='line_1_38' title="bbox 494 3388 1554 3454; baseline 0.003 -17"><span class='ocrx_word' id='word_1_288' title='bbox 494 3388 625 3438; x_wconf 87' lang='lat' dir='ltr'>muri</span> <span class='ocrx_word' id='word_1_289' title='bbox 669 3389 939 3451; x_wconf 84' lang='lat' dir='ltr'>glandibus</span> <span class='ocrx_word' id='word_1_290' title='bbox 980 3391 1321 3440; x_wconf 78' lang='lat' dir='ltr'>lacesserent:</span> <span class='ocrx_word' id='word_1_291' title='bbox 1376 3392 1554 3454; x_wconf 84' lang='lat' dir='ltr'>sicque</span> 
     </span>
     <span class='ocr_line' id='line_1_39' title="bbox 493 3464 1556 3528; baseline 0.001 -15"><span class='ocrx_word' id='word_1_292' title='bbox 493 3464 608 3527; x_wconf 85' lang='lat' dir='ltr'>pari</span> <span class='ocrx_word' id='word_1_293' title='bbox 632 3464 822 3528; x_wconf 84' lang='lat' dir='ltr'>ubique</span> <span class='ocrx_word' id='word_1_294' title='bbox 842 3472 981 3514; x_wconf 88' lang='lat' dir='ltr'>metu</span> <span class='ocrx_word' id='word_1_295' title='bbox 989 3500 1004 3527; x_wconf 90' lang='lat'>,</span> <span class='ocrx_word' id='word_1_296' title='bbox 1020 3465 1299 3515; x_wconf 82' lang='lat' dir='ltr'>subsidium</span> <span class='ocrx_word' id='word_1_297' title='bbox 1320 3465 1556 3515; x_wconf 86' lang='lat' dir='ltr'>laboran-</span> 
     </span>
     <span class='ocr_line' id='line_1_40' title="bbox 493 3539 1558 3607; baseline 0.002 -16"><span class='ocrx_word' id='word_1_298' title='bbox 493 3541 632 3591; x_wconf 89' lang='lat' dir='ltr'>tibus</span> <span class='ocrx_word' id='word_1_299' title='bbox 667 3542 769 3589; x_wconf 89' lang='lat' dir='ltr'>suis</span> <span class='ocrx_word' id='word_1_300' title='bbox 803 3539 987 3590; x_wconf 83' lang='lat' dir='ltr'>afferre</span> <span class='ocrx_word' id='word_1_301' title='bbox 1009 3555 1109 3589; x_wconf 88' lang='lat' dir='ltr'>non</span> <span class='ocrx_word' id='word_1_302' title='bbox 1133 3541 1229 3590; x_wconf 86' lang='lat' dir='ltr'>nisi</span> <span class='ocrx_word' id='word_1_303' title='bbox 1252 3556 1388 3606; x_wconf 86' lang='lat' dir='ltr'>aegre</span> <span class='ocrx_word' id='word_1_304' title='bbox 1413 3550 1558 3607; x_wconf 84' lang='lat' dir='ltr'>pote-</span> 
     </span>
     <span class='ocr_line' id='line_1_41' title="bbox 494 3616 845 3665; baseline 0 -1"><span class='ocrx_word' id='word_1_305' title='bbox 494 3622 612 3664; x_wconf 79' lang='lat' dir='ltr'>rant</span> <span class='ocrx_word' id='word_1_306' title='bbox 634 3616 845 3665; x_wconf 79' lang='lat' dir='ltr'>obsessi.</span> 
     </span>
    </p>

    <p class='ocr_par' dir='ltr' id='par_1_11' title="bbox 493 3690 1558 4286">
     <span class='ocr_line' id='line_1_42' title="bbox 545 3690 1558 3757; baseline 0.005 -19"><span class='ocrx_word' id='word_1_307' title='bbox 545 3699 588 3733; x_wconf 74' lang='grc' dir='ltr'><strong>Ῥ</strong></span> <span class='ocrx_word' id='word_1_308' title='bbox 618 3692 758 3739; x_wconf 75' lang='lat' dir='ltr'>Intra</span> <span class='ocrx_word' id='word_1_309' title='bbox 778 3691 992 3753; x_wconf 79' lang='lat' dir='ltr'>tertiam]</span> <span class='ocrx_word' id='word_1_310' title='bbox 1026 3690 1089 3741; x_wconf 79' lang='lat' dir='ltr'>Id</span> <span class='ocrx_word' id='word_1_311' title='bbox 1112 3697 1212 3754; x_wconf 90' lang='lat' dir='ltr'>est,</span> <span class='ocrx_word' id='word_1_312' title='bbox 1230 3698 1449 3757; x_wconf 89' lang='lat' dir='ltr'>quatuor</span> <span class='ocrx_word' id='word_1_313' title='bbox 1470 3694 1558 3744; x_wconf 90' lang='lat' dir='ltr'>ho-</span> 
     </span>
     <span class='ocr_line' id='line_1_43' title="bbox 493 3768 1557 3835; baseline 0.003 -19"><span class='ocrx_word' id='word_1_314' title='bbox 493 3768 583 3829; x_wconf 57' lang='lat' dir='ltr'>ris.</span> <span class='ocrx_word' id='word_1_315' title='bbox 601 3781 691 3815; x_wconf 89' lang='lat' dir='ltr'>seu</span> <span class='ocrx_word' id='word_1_316' title='bbox 715 3773 837 3815; x_wconf 87' lang='lat' dir='ltr'>ante</span> <span class='ocrx_word' id='word_1_317' title='bbox 859 3768 1033 3817; x_wconf 85' lang='lat' dir='ltr'>horam</span> <span class='ocrx_word' id='word_1_318' title='bbox 1048 3777 1280 3832; x_wconf 83' lang='lat' dir='ltr'>quartam</span> <span class='ocrx_word' id='word_1_319' title='bbox 1305 3778 1557 3835; x_wconf 81' lang='lat' dir='ltr'>veterum,</span> 
     </span>
     <span class='ocr_line' id='line_1_44' title="bbox 494 3844 1555 3912; baseline 0.004 -20"><span class='ocrx_word' id='word_1_320' title='bbox 494 3846 537 3892; x_wconf 85' lang='lat' dir='ltr'>si</span> <span class='ocrx_word' id='word_1_321' title='bbox 594 3844 913 3908; x_wconf 80' lang='lat' dir='ltr'>oppugnatio</span> <span class='ocrx_word' id='word_1_322' title='bbox 980 3859 1135 3893; x_wconf 87' lang='lat' dir='ltr'>mane</span> <span class='ocrx_word' id='word_1_323' title='bbox 1175 3846 1401 3912; x_wconf 55' lang='lat' dir='ltr'>⁴incepta</span> <span class='ocrx_word' id='word_1_324' title='bbox 1455 3854 1555 3897; x_wconf 81' lang='lat' dir='ltr'>est.</span> 
     </span>
     <span class='ocr_line' id='line_1_45' title="bbox 498 3919 1557 3983; baseline 0.001 -13"><span class='ocrx_word' id='word_1_325' title='bbox 498 3919 633 3970; x_wconf 84' lang='lat' dir='ltr'>Nam</span> <span class='ocrx_word' id='word_1_326' title='bbox 669 3920 742 3969; x_wconf 84' lang='lat' dir='ltr'>eis</span> <span class='ocrx_word' id='word_1_327' title='bbox 780 3920 994 3983; x_wconf 88' lang='lat' dir='ltr'>quilibet</span> <span class='ocrx_word' id='word_1_328' title='bbox 1033 3920 1144 3969; x_wconf 86' lang='lat' dir='ltr'>dies</span> <span class='ocrx_word' id='word_1_329' title='bbox 1179 3921 1448 3971; x_wconf 86' lang='lat' dir='ltr'>duodecim</span> <span class='ocrx_word' id='word_1_330' title='bbox 1471 3920 1557 3971; x_wconf 84' lang='lat' dir='ltr'>ho·</span> 
     </span>
     <span class='ocr_line' id='line_1_46' title="bbox 495 3995 1555 4062; baseline 0 -16"><span class='ocrx_word' id='word_1_331' title='bbox 495 4005 686 4058; x_wconf 83' lang='lat' dir='ltr'>rarum,</span> <span class='ocrx_word' id='word_1_332' title='bbox 727 3995 1151 4060; x_wconf 79' lang='lat' dir='ltr'>quemadmodum</span> <span class='ocrx_word' id='word_1_333' title='bbox 1186 4003 1243 4044; x_wconf 89' lang='lat' dir='ltr'>et</span> <span class='ocrx_word' id='word_1_334' title='bbox 1277 4011 1398 4058; x_wconf 85' lang='lat' dir='ltr'>nox,</span> <span class='ocrx_word' id='word_1_335' title='bbox 1432 4012 1555 4062; x_wconf 89' lang='lat' dir='ltr'>qua-</span> 
     </span>
     <span class='ocr_line' id='line_1_47' title="bbox 495 4070 1554 4136; baseline 0.001 -16"><span class='ocrx_word' id='word_1_336' title='bbox 495 4080 716 4136; x_wconf 80' lang='lat' dir='ltr'>cumque</span> <span class='ocrx_word' id='word_1_337' title='bbox 741 4070 859 4119; x_wconf 87' lang='lat' dir='ltr'>anui</span> <span class='ocrx_word' id='word_1_338' title='bbox 884 4076 1211 4133; x_wconf 83' lang='lat' dir='ltr'>tempestate.</span> <span class='ocrx_word' id='word_1_339' title='bbox 1265 4070 1422 4120; x_wconf 83' lang='lat' dir='ltr'>Horae</span> <span class='ocrx_word' id='word_1_340' title='bbox 1444 4074 1554 4121; x_wconf 90' lang='lat' dir='ltr'>lon-</span> 
     </span>
     <span class='ocr_line' id='line_1_48' title="bbox 496 4147 1555 4209; baseline 0.004 -13"><span class='ocrx_word' id='word_1_341' title='bbox 496 4149 671 4209; x_wconf 79' lang='lat' dir='ltr'>giores</span> <span class='ocrx_word' id='word_1_342' title='bbox 695 4149 897 4197; x_wconf 77' lang='lat' dir='ltr'>ae&#39;state.</span> <span class='ocrx_word' id='word_1_343' title='bbox 964 4147 1340 4198; x_wconf 87' lang='lat' dir='ltr'>Mense&#39;Junio</span> <span class='ocrx_word' id='word_1_344' title='bbox 1374 4148 1428 4196; x_wconf 86' lang='lat' dir='ltr'>id</span> <span class='ocrx_word' id='word_1_345' title='bbox 1462 4163 1555 4200; x_wconf 79' lang='lat' dir='ltr'>sex</span> 
     </span>
     <span class='ocr_line' id='line_1_49' title="bbox 498 4218 1441 4286; baseline 0.004 -14"><span class='ocrx_word' id='word_1_346' title='bbox 498 4224 636 4273; x_wconf 81' lang='lat' dir='ltr'>horis</span> <span class='ocrx_word' id='word_1_347' title='bbox 661 4224 847 4275; x_wconf 77' lang='lat' dir='ltr'>uostris</span> <span class='ocrx_word' id='word_1_348' title='bbox 870 4218 1441 4286; x_wconf 83' lang='lat' dir='ltr'>conficerepotuerunt.</span> 
     </span>
    </p>
   </div>
   <div class='ocr_carea' id='block_1_9' title="bbox 1628 2476 2703 4194">
    <p class='ocr_par' dir='ltr' id='par_1_12' title="bbox 1628 2476 2697 3297">
     <span class='ocr_line' id='line_1_50' title="bbox 1654 2476 2689 2543; baseline -0.003 -15"><span class='ocrx_word' id='word_1_349' title='bbox 1654 2536 1660 2543; x_wconf 40' lang='lat'>‚</span> <span class='ocrx_word' id='word_1_350' title='bbox 1698 2480 1838 2528; x_wconf 73' lang='lat' dir='ltr'>Intra</span> <span class='ocrx_word' id='word_1_351' title='bbox 1872 2478 2066 2527; x_wconf 76' lang='lat' dir='ltr'>tertiam</span> <span class='ocrx_word' id='word_1_352' title='bbox 2105 2477 2225 2538; x_wconf 71' lang='lat' dir='ltr'>dici]</span> <span class='ocrx_word' id='word_1_353' title='bbox 2304 2478 2464 2538; x_wconf 72' lang='lat' dir='ltr'>Intra,</span> <span class='ocrx_word' id='word_1_354' title='bbox 2496 2476 2550 2524; x_wconf 84' lang='lat' dir='ltr'>id</span> <span class='ocrx_word' id='word_1_355' title='bbox 2588 2482 2689 2538; x_wconf 80' lang='lat' dir='ltr'>est,</span> 
     </span>
     <span class='ocr_line' id='line_1_51' title="bbox 1630 2553 2689 2619; baseline -0.005 -14"><span class='ocrx_word' id='word_1_356' title='bbox 1630 2561 1757 2616; x_wconf 80' lang='lat' dir='ltr'>ante,</span> <span class='ocrx_word' id='word_1_357' title='bbox 1787 2557 2014 2619; x_wconf 84' lang='lat' dir='ltr'>elapsam</span> <span class='ocrx_word' id='word_1_358' title='bbox 2051 2555 2258 2604; x_wconf 83' lang='lat' dir='ltr'>tertiam</span> <span class='ocrx_word' id='word_1_359' title='bbox 2292 2553 2430 2602; x_wconf 88' lang='lat' dir='ltr'>diem</span> <span class='ocrx_word' id='word_1_360' title='bbox 2453 2559 2652 2617; x_wconf 82' lang='lat' dir='ltr'>partem</span> <span class='ocrx_word' id='word_1_361' title='bbox 2673 2569 2689 2601; x_wconf 69' lang='grc' dir='ltr'>ε</span> 
     </span>
     <span class='ocr_line' id='line_1_52' title="bbox 1628 2631 2693 2695; baseline -0.004 -15"><span class='ocrx_word' id='word_1_362' title='bbox 1628 2632 1831 2695; x_wconf 83' lang='lat' dir='ltr'>fuitque</span> <span class='ocrx_word' id='word_1_363' title='bbox 1866 2633 1980 2680; x_wconf 85' lang='lat' dir='ltr'>haec</span> <span class='ocrx_word' id='word_1_364' title='bbox 2013 2631 2142 2679; x_wconf 90' lang='lat' dir='ltr'>hora</span> <span class='ocrx_word' id='word_1_365' title='bbox 2175 2634 2362 2692; x_wconf 82' lang='lat' dir='ltr'>quarta</span> <span class='ocrx_word' id='word_1_366' title='bbox 2381 2642 2523 2677; x_wconf 87' lang='lat' dir='ltr'>more</span> <span class='ocrx_word' id='word_1_367' title='bbox 2547 2636 2693 2676; x_wconf 81' lang='lat' dir='ltr'>vete·</span> 
     </span>
     <span class='ocr_line' id='line_1_53' title="bbox 1631 2703 2693 2770; baseline -0.005 -15"><span class='ocrx_word' id='word_1_368' title='bbox 1631 2722 1760 2756; x_wconf 87' lang='lat' dir='ltr'>rum.</span> <span class='ocrx_word' id='word_1_369' title='bbox 1828 2709 2164 2770; x_wconf 82' lang='lat' dir='ltr'>Quocumque</span> <span class='ocrx_word' id='word_1_370' title='bbox 2202 2706 2325 2755; x_wconf 87' lang='lat' dir='ltr'>anni</span> <span class='ocrx_word' id='word_1_371' title='bbox 2345 2712 2577 2767; x_wconf 86' lang='lat' dir='ltr'>tempore</span> <span class='ocrx_word' id='word_1_372' title='bbox 2614 2703 2693 2751; x_wconf 84' lang='lat' dir='ltr'>di-</span> 
     </span>
     <span class='ocr_line' id='line_1_54' title="bbox 1629 2781 2693 2842; baseline -0.003 -10"><span class='ocrx_word' id='word_1_373' title='bbox 1629 2784 1875 2832; x_wconf 83' lang='lat' dir='ltr'>videbant</span> <span class='ocrx_word' id='word_1_374' title='bbox 1913 2784 2052 2832; x_wconf 87' lang='lat' dir='ltr'>diem</span> <span class='ocrx_word' id='word_1_375' title='bbox 2074 2783 2124 2831; x_wconf 88' lang='lat' dir='ltr'>in</span> <span class='ocrx_word' id='word_1_376' title='bbox 2146 2783 2297 2830; x_wconf 85' lang='lat' dir='ltr'>horas</span> <span class='ocrx_word' id='word_1_377' title='bbox 2317 2781 2607 2842; x_wconf 86' lang='lat' dir='ltr'>duodecim,</span> <span class='ocrx_word' id='word_1_378' title='bbox 2629 2787 2693 2829; x_wconf 83' lang='lat' dir='ltr'>ut</span> 
     </span>
     <span class='ocr_line' id='line_1_55' title="bbox 1631 2855 2693 2919; baseline -0.006 -12"><span class='ocrx_word' id='word_1_379' title='bbox 1631 2864 1687 2908; x_wconf 90' lang='lat' dir='ltr'>et</span> <span class='ocrx_word' id='word_1_380' title='bbox 1706 2866 1913 2908; x_wconf 88' lang='lat' dir='ltr'>noctem</span> <span class='ocrx_word' id='word_1_381' title='bbox 1933 2874 1947 2907; x_wconf 69' lang='grc' dir='ltr'><strong>ε</strong></span> <span class='ocrx_word' id='word_1_382' title='bbox 1990 2858 2063 2907; x_wconf 82' lang='lat' dir='ltr'>sic</span> <span class='ocrx_word' id='word_1_383' title='bbox 2080 2857 2220 2905; x_wconf 85' lang='lat' dir='ltr'>horae</span> <span class='ocrx_word' id='word_1_384' title='bbox 2242 2855 2397 2905; x_wconf 86' lang='lat' dir='ltr'>modo</span> <span class='ocrx_word' id='word_1_385' title='bbox 2417 2855 2693 2919; x_wconf 79' lang='lat' dir='ltr'>longiores,</span> 
     </span>
     <span class='ocr_line' id='line_1_56' title="bbox 1630 2930 2694 2993; baseline -0.006 -10"><span class='ocrx_word' id='word_1_386' title='bbox 1630 2935 1782 2983; x_wconf 89' lang='lat' dir='ltr'>modo</span> <span class='ocrx_word' id='word_1_387' title='bbox 1806 2934 2066 2983; x_wconf 83' lang='lat' dir='ltr'>breviores</span> <span class='ocrx_word' id='word_1_388' title='bbox 2102 2933 2203 2981; x_wconf 81' lang='lat' dir='ltr'>illis</span> <span class='ocrx_word' id='word_1_389' title='bbox 2233 2936 2401 2982; x_wconf 81' lang='lat' dir='ltr'>erant.</span> <span class='ocrx_word' id='word_1_390' title='bbox 2470 2930 2694 2993; x_wconf 74' lang='lat' dir='ltr'>Incipie-</span> 
     </span>
     <span class='ocr_line' id='line_1_57' title="bbox 1635 3005 2697 3071; baseline -0.007 -13"><span class='ocrx_word' id='word_1_391' title='bbox 1635 3010 1760 3058; x_wconf 87' lang='lat' dir='ltr'>bant</span> <span class='ocrx_word' id='word_1_392' title='bbox 1784 3011 1999 3071; x_wconf 78' lang='lat' dir='ltr'>primam</span> <span class='ocrx_word' id='word_1_393' title='bbox 2020 3008 2124 3056; x_wconf 87' lang='lat' dir='ltr'>diei</span> <span class='ocrx_word' id='word_1_394' title='bbox 2146 3006 2325 3055; x_wconf 89' lang='lat' dir='ltr'>horam</span> <span class='ocrx_word' id='word_1_395' title='bbox 2348 3020 2381 3054; x_wconf 90' lang='lat' dir='ltr'>a</span> <span class='ocrx_word' id='word_1_396' title='bbox 2401 3012 2554 3054; x_wconf 82' lang='lat' dir='ltr'>sexta</span> <span class='ocrx_word' id='word_1_397' title='bbox 2568 3005 2697 3057; x_wconf 65' lang='lat' dir='ltr'>hors</span> 
     </span>
     <span class='ocr_line' id='line_1_58' title="bbox 1632 3081 2695 3144; baseline -0.003 -12"><span class='ocrx_word' id='word_1_398' title='bbox 1632 3085 1883 3132; x_wconf 88' lang='lat' dir='ltr'>matutina</span> <span class='ocrx_word' id='word_1_399' title='bbox 1900 3092 2075 3131; x_wconf 79' lang='lat' dir='ltr'>nostra</span> <span class='ocrx_word' id='word_1_400' title='bbox 2095 3100 2108 3132; x_wconf 74' lang='grc' dir='ltr'><strong><em>ε</em></strong></span> <span class='ocrx_word' id='word_1_401' title='bbox 2145 3094 2353 3130; x_wconf 81' lang='lat' dir='ltr'>numera</span> <span class='ocrx_word' id='word_1_402' title='bbox 2362 3081 2475 3144; x_wconf 83' lang='lat' dir='ltr'>-jam</span> <span class='ocrx_word' id='word_1_403' title='bbox 2494 3092 2524 3129; x_wconf 89' lang='lat' dir='ltr'>a</span> <span class='ocrx_word' id='word_1_404' title='bbox 2542 3088 2695 3129; x_wconf 82' lang='lat' dir='ltr'>sexta</span> 
     </span>
     <span class='ocr_line' id='line_1_59' title="bbox 1632 3156 2694 3221; baseline 0.001 -15"><span class='ocrx_word' id='word_1_405' title='bbox 1632 3161 1758 3207; x_wconf 84' lang='lat' dir='ltr'>bora</span> <span class='ocrx_word' id='word_1_406' title='bbox 1780 3159 1846 3207; x_wconf 88' lang='lat' dir='ltr'>ad</span> <span class='ocrx_word' id='word_1_407' title='bbox 1881 3158 2129 3207; x_wconf 84' lang='lat' dir='ltr'>decimam</span> <span class='ocrx_word' id='word_1_408' title='bbox 2154 3163 2400 3221; x_wconf 79' lang='lat' dir='ltr'>nostram,</span> <span class='ocrx_word' id='word_1_409' title='bbox 2432 3157 2508 3209; x_wconf 87' lang='lat' dir='ltr'>sic</span> <span class='ocrx_word' id='word_1_410' title='bbox 2537 3156 2694 3207; x_wconf 70' lang='lat' dir='ltr'>habes·</span> 
     </span>
     <span class='ocr_line' id='line_1_60' title="bbox 1631 3234 2691 3297; baseline -0.002 -14"><span class='ocrx_word' id='word_1_411' title='bbox 1631 3234 1709 3283; x_wconf 86' lang='lat' dir='ltr'>bis</span> <span class='ocrx_word' id='word_1_412' title='bbox 1728 3236 1920 3283; x_wconf 76' lang='lat' dir='ltr'>tertiam</span> <span class='ocrx_word' id='word_1_413' title='bbox 1935 3235 2035 3283; x_wconf 82' lang='lat' dir='ltr'>diei</span> <span class='ocrx_word' id='word_1_414' title='bbox 2051 3238 2253 3297; x_wconf 69' lang='lat' dir='ltr'>portem.</span> <span class='ocrx_word' id='word_1_415' title='bbox 2294 3246 2297 3247; x_wconf 71' lang='grc'>’</span> <span class='ocrx_word' id='word_1_416' title='bbox 2685 3250 2691 3257; x_wconf 88' lang='grc'><strong><em>·</em></strong></span> 
     </span>
    </p>

    <p class='ocr_par' dir='ltr' id='par_1_13' title="bbox 1634 3309 2703 3976">
     <span class='ocr_line' id='line_1_61' title="bbox 1699 3309 2694 3373; baseline -0.001 -14"><span class='ocrx_word' id='word_1_417' title='bbox 1699 3311 1799 3360; x_wconf 89' lang='lat' dir='ltr'>Sed</span> <span class='ocrx_word' id='word_1_418' title='bbox 1837 3311 1926 3358; x_wconf 85' lang='lat' dir='ltr'>illa</span> <span class='ocrx_word' id='word_1_419' title='bbox 1965 3324 2104 3373; x_wconf 83' lang='lat' dir='ltr'>pars,</span> <span class='ocrx_word' id='word_1_420' title='bbox 2145 3323 2237 3358; x_wconf 86' lang='lat' dir='ltr'>seu</span> <span class='ocrx_word' id='word_1_421' title='bbox 2258 3309 2411 3358; x_wconf 82' lang='lat' dir='ltr'>horae·</span> <span class='ocrx_word' id='word_1_422' title='bbox 2429 3309 2533 3358; x_wconf 82' lang='lat' dir='ltr'>illae</span> <span class='ocrx_word' id='word_1_423' title='bbox 2570 3323 2694 3372; x_wconf 81' lang='lat' dir='ltr'>qua-</span> 
     </span>
     <span class='ocr_line' id='line_1_62' title="bbox 1635 3384 2695 3450; baseline 0 -15"><span class='ocrx_word' id='word_1_424' title='bbox 1635 3392 1770 3448; x_wconf 88' lang='lat' dir='ltr'>tuor,</span> <span class='ocrx_word' id='word_1_425' title='bbox 1786 3388 1937 3436; x_wconf 89' lang='lat' dir='ltr'>modo</span> <span class='ocrx_word' id='word_1_426' title='bbox 1960 3387 2236 3450; x_wconf 86' lang='lat' dir='ltr'>longiores,</span> <span class='ocrx_word' id='word_1_427' title='bbox 2257 3387 2411 3435; x_wconf 88' lang='lat' dir='ltr'>modo</span> <span class='ocrx_word' id='word_1_428' title='bbox 2431 3384 2695 3437; x_wconf 79' lang='lat' dir='ltr'>breviores</span> 
     </span>
     <span class='ocr_line' id='line_1_63' title="bbox 1635 3459 2699 3525; baseline -0.001 -15"><span class='ocrx_word' id='word_1_429' title='bbox 1635 3476 1730 3525; x_wconf 85' lang='lat' dir='ltr'>pro</span> <span class='ocrx_word' id='word_1_430' title='bbox 1749 3466 2064 3524; x_wconf 86' lang='lat' dir='ltr'>tempestate</span> <span class='ocrx_word' id='word_1_431' title='bbox 2086 3460 2226 3521; x_wconf 84' lang='lat' dir='ltr'>anni,</span> <span class='ocrx_word' id='word_1_432' title='bbox 2248 3467 2306 3509; x_wconf 93' lang='lat' dir='ltr'>ut</span> <span class='ocrx_word' id='word_1_433' title='bbox 2328 3460 2464 3509; x_wconf 86' lang='lat' dir='ltr'>dixi:</span> <span class='ocrx_word' id='word_1_434' title='bbox 2518 3459 2699 3525; x_wconf 69' lang='lat' dir='ltr'>sicque</span> 
     </span>
     <span class='ocr_line' id='line_1_64' title="bbox 1635 3535 2697 3602; baseline -0.001 -17"><span class='ocrx_word' id='word_1_435' title='bbox 1635 3539 1808 3601; x_wconf 87' lang='lat' dir='ltr'>posito</span> <span class='ocrx_word' id='word_1_436' title='bbox 1831 3537 1968 3602; x_wconf 88' lang='lat' dir='ltr'>quod</span> <span class='ocrx_word' id='word_1_437' title='bbox 1990 3536 2117 3585; x_wconf 89' lang='lat' dir='ltr'>illud</span> <span class='ocrx_word' id='word_1_438' title='bbox 2140 3535 2332 3586; x_wconf 83' lang='lat' dir='ltr'>factum</span> <span class='ocrx_word' id='word_1_439' title='bbox 2360 3543 2500 3585; x_wconf 88' lang='lat' dir='ltr'>esset</span> <span class='ocrx_word' id='word_1_440' title='bbox 2519 3540 2697 3584; x_wconf 73' lang='lat' dir='ltr'>meuse</span> 
     </span>
     <span class='ocr_line' id='line_1_65' title="bbox 1635 3610 2697 3677; baseline -0.004 -13"><span class='ocrx_word' id='word_1_441' title='bbox 1635 3614 1814 3677; x_wconf 72' lang='lat' dir='ltr'>sunio,</span> <span class='ocrx_word' id='word_1_442' title='bbox 1834 3620 1890 3662; x_wconf 88' lang='lat' dir='ltr'>et</span> <span class='ocrx_word' id='word_1_443' title='bbox 1914 3613 2023 3662; x_wconf 88' lang='lat' dir='ltr'>dies</span> <span class='ocrx_word' id='word_1_444' title='bbox 2059 3612 2297 3661; x_wconf 83' lang='lat' dir='ltr'>durasset</span> <span class='ocrx_word' id='word_1_445' title='bbox 2318 3612 2384 3661; x_wconf 86' lang='lat' dir='ltr'>ad</span> <span class='ocrx_word' id='word_1_446' title='bbox 2406 3610 2697 3661; x_wconf 71' lang='lat' dir='ltr'>octodecim</span> 
     </span>
     <span class='ocr_line' id='line_1_66' title="bbox 1636 3689 2696 3749; baseline 0.001 -13"><span class='ocrx_word' id='word_1_447' title='bbox 1636 3689 1784 3738; x_wconf 82' lang='lat' dir='ltr'>boras</span> <span class='ocrx_word' id='word_1_448' title='bbox 1809 3696 1986 3738; x_wconf 88' lang='lat' dir='ltr'>nostro</span> <span class='ocrx_word' id='word_1_449' title='bbox 2006 3698 2168 3749; x_wconf 88' lang='lat' dir='ltr'>more,</span> <span class='ocrx_word' id='word_1_450' title='bbox 2193 3694 2298 3737; x_wconf 87' lang='lat' dir='ltr'>tum</span> <span class='ocrx_word' id='word_1_451' title='bbox 2321 3695 2467 3738; x_wconf 87' lang='lat' dir='ltr'>certe</span> <span class='ocrx_word' id='word_1_452' title='bbox 2489 3689 2579 3738; x_wconf 90' lang='lat' dir='ltr'>illa</span> <span class='ocrx_word' id='word_1_453' title='bbox 2598 3693 2696 3737; x_wconf 81' lang='lat' dir='ltr'>ter-</span> 
     </span>
     <span class='ocr_line' id='line_1_67' title="bbox 1635 3762 2700 3827; baseline -0.001 -15"><span class='ocrx_word' id='word_1_454' title='bbox 1635 3765 1707 3812; x_wconf 80' lang='lat' dir='ltr'>tia</span> <span class='ocrx_word' id='word_1_455' title='bbox 1732 3762 1976 3827; x_wconf 81' lang='lat' dir='ltr'>pars-diei</span> <span class='ocrx_word' id='word_1_456' title='bbox 2015 3763 2252 3811; x_wconf 87' lang='lat' dir='ltr'>durasset</span> <span class='ocrx_word' id='word_1_457' title='bbox 2284 3776 2377 3811; x_wconf 83' lang='lat' dir='ltr'>sex</span> <span class='ocrx_word' id='word_1_458' title='bbox 2413 3763 2549 3813; x_wconf 86' lang='lat' dir='ltr'>boris</span> <span class='ocrx_word' id='word_1_459' title='bbox 2580 3774 2700 3811; x_wconf 87' lang='lat' dir='ltr'>nos·</span> 
     </span>
     <span class='ocr_line' id='line_1_68' title="bbox 1639 3838 2703 3904; baseline -0.001 -15"><span class='ocrx_word' id='word_1_460' title='bbox 1639 3839 1762 3889; x_wconf 83' lang='lat' dir='ltr'>tris:</span> <span class='ocrx_word' id='word_1_461' title='bbox 1814 3845 1869 3888; x_wconf 90' lang='lat' dir='ltr'>et</span> <span class='ocrx_word' id='word_1_462' title='bbox 1891 3839 1964 3887; x_wconf 84' lang='lat' dir='ltr'>sic</span> <span class='ocrx_word' id='word_1_463' title='bbox 1987 3852 2101 3888; x_wconf 88' lang='lat' dir='ltr'>cum</span> <span class='ocrx_word' id='word_1_464' title='bbox 2124 3838 2462 3904; x_wconf 83' lang='lat' dir='ltr'>proportione</span> <span class='ocrx_word' id='word_1_465' title='bbox 2496 3838 2562 3889; x_wconf 86' lang='lat' dir='ltr'>de</span> <span class='ocrx_word' id='word_1_466' title='bbox 2584 3839 2703 3888; x_wconf 68' lang='lat' dir='ltr'>aliis</span> 
     </span>
     <span class='ocr_line' id='line_1_69' title="bbox 1634 3913 2115 3976; baseline -0.006 -12"><span class='ocrx_word' id='word_1_467' title='bbox 1634 3915 1752 3964; x_wconf 86' lang='lat' dir='ltr'>anni</span> <span class='ocrx_word' id='word_1_468' title='bbox 1781 3913 2115 3976; x_wconf 86' lang='lat' dir='ltr'>temporibus.</span> 
     </span>
    </p>

    <p class='ocr_par' dir='ltr' id='par_1_14' title="bbox 1635 3989 2699 4194">
     <span class='ocr_line' id='line_1_70' title="bbox 1699 3989 2699 4054; baseline -0.001 -14"><span class='ocrx_word' id='word_1_469' title='bbox 1699 3999 1725 4032; x_wconf 75' lang='lat'>‘1</span> <span class='ocrx_word' id='word_1_470' title='bbox 1759 3989 1988 4053; x_wconf 78' lang='lat' dir='ltr'>Puberes]</span> <span class='ocrx_word' id='word_1_471' title='bbox 2021 3989 2125 4041; x_wconf 83' lang='lat' dir='ltr'>Qui</span> <span class='ocrx_word' id='word_1_472' title='bbox 2145 4002 2334 4052; x_wconf 87' lang='lat' dir='ltr'>nempe</span> <span class='ocrx_word' id='word_1_473' title='bbox 2353 3996 2590 4054; x_wconf 84' lang='lat' dir='ltr'>quartum</span> <span class='ocrx_word' id='word_1_474' title='bbox 2610 3990 2699 4039; x_wconf 83' lang='lat' dir='ltr'>de-</span> 
     </span>
     <span class='ocr_line' id='line_1_71' title="bbox 1635 4065 2696 4131; baseline -0.001 -15"><span class='ocrx_word' id='word_1_475' title='bbox 1635 4067 1822 4117; x_wconf 87' lang='lat' dir='ltr'>cimum</span> <span class='ocrx_word' id='word_1_476' title='bbox 1847 4079 2035 4115; x_wconf 86' lang='lat' dir='ltr'>annum</span> <span class='ocrx_word' id='word_1_477' title='bbox 2060 4065 2373 4131; x_wconf 82' lang='lat' dir='ltr'>attigissent,</span> <span class='ocrx_word' id='word_1_478' title='bbox 2407 4068 2498 4116; x_wconf 73' lang='lat' dir='ltr'>aut</span> <span class='ocrx_word' id='word_1_479' title='bbox 2536 4066 2696 4116; x_wconf 67' lang='lat' dir='ltr'>etiam</span> 
     </span>
     <span class='ocr_line' id='line_1_72' title="bbox 1635 4140 2629 4194; baseline -0.004 -1"><span class='ocrx_word' id='word_1_480' title='bbox 1635 4143 1992 4194; x_wconf 79' lang='lat' dir='ltr'>excessissent.</span> <span class='ocrx_word' id='word_1_481' title='bbox 2624 4140 2629 4145; x_wconf 85' lang='lat'>&#39;</span> 
     </span>
    </p>
   </div>
   <div class='ocr_carea' id='block_1_10' title="bbox 3040 4240 3045 4854">
    <p class='ocr_par' dir='ltr' id='par_1_15' title="bbox 3040 4240 3045 4854">
     <span class='ocr_line' id='line_1_73' title="bbox 3040 4240 3045 4854; baseline 0 0"><span class='ocrx_word' id='word_1_482' title='bbox 3040 4240 3045 4854; x_wconf 95' lang='lat' dir='ltr'> </span> 
     </span>
    </p>
   </div>
  </div>
 </body>
</html>
