3100 4925
537 399 711 469 1358

1223 417 1290 466 G.
1339 416 1536 466 CORN
1548 414 1704 464 BLH
1749 409 2007 466 ‘mern

2409 419 2500 484 [Α.
2520 419 2592 471 11.
2608 423 2733 474 308.

1531 609 1585 659 N
1590 607 1746 659 0⁹1·AE

602 705 868 757 Attamen⁴
889 710 1123 758 auctores
1153 719 1270 757 cum
1290 706 1505 758 tradunt
1524 705 1593 756 de

534 780 713 831 liberis
749 773 1055 846 principum,
1077 796 1167 832 eos
1206 796 1476 832 recensere
1512 796 1594 831 so-

533 856 649 905 lent
669 854 851 905 ordine
885 856 1073 921 aetatis,
1104 871 1195 906 seu
1229 857 1500 921 geniture,
1536 862 1594 907 et

535 944 632 995 pro
653 930 895 980 nascendi
928 929 1127 982 ordine.
1179 932 1267 981 Sic
1296 931 1594 995 Suetonius,

537 1020 656 1057 eum
680 1007 789 1071 agit
811 1007 876 1056 de
896 1006 1072 1057 liberis
1100 1006 1344 1072 Augusti,
1375 1014 1432 1058 et
1466 1007 1592 1058 alio-

529 1099 649 1136 rum
671 1084 951 1135 Caesarum.
1012 1085 1102 1135 Sic
1123 1092 1180 1136 et
1208 1085 1516 1138 Plutarchus
1536 1086 1592 1136 in

531 1175 594 1211 re
622 1168 821 1224 nostra,
851 1175 970 1211 cum
1005 1168 1245 1212 recenset
1279 1161 1474 1213 liberos
1509 1163 1591 1213 M.

534 1236 753 1287 Antonii
793 1251 860 1287 ex
904 1236 1127 1287 Octavia
1162 1251 1337 1287 sorore
1371 1237 1593 1301 Augusti

533 1317 819 1375 susceptos,
854 1311 997 1374 prius
1037 1318 1275 1362 recenset
1311 1311 1591 1362 Antoniam

533 1387 775 1449 Domitii,
805 1392 864 1437 ut
897 1387 1067 1452 primo
1102 1388 1219 1437 loco
1257 1395 1449 1451 natam,
1470 1387 1591 1438 dein

531 1462 813 1514 Antoniam
835 1464 1016 1514 Drusi.

597 1538 799 1588 Plutar.
832 1539 886 1588 in
909 1537 1167 1590 Antonio:
1206 1539 1222 1570 ‘
1243 1541 1377 1591 Dum
1415 1555 1593 1606 super-

527 1620 680 1664 erant
722 1613 943 1664 Antonii
993 1620 1049 1664 et
1097 1615 1335 1666 Octavia
1397 1617 1590 1666 sororis

530 1687 754 1753 Augusti
770 1689 926 1740 ffliae:
960 1691 1140 1743 harum
1163 1692 1379 1741 alteram
1412 1691 1592 1742 Domi-

531 1765 636 1816 tius
671 1764 1017 1830 AEuobarbus,
1060 1766 1296 1826 alteram,
1336 1766 1592 1831 pudicitia

528 1848 584 1892 et
604 1840 770 1893 forma
790 1843 1062 1907 insignem,
1078 1842 1373 1908 Antoniam,
1391 1844 1591 1895 Drusus

528 1918 694 1970 Liviae
710 1917 848 1968 filius
871 1918 1094 1969 Caesaris
1117 1920 1382 1984 privignus
1399 1918 1572 1971 duxit.
1574 1919 1592 1944 '

592 1994 665 2043 Et
694 1993 781 2043 hic
814 2007 924 2042 mos
955 2000 1221 2045 auctorum
1249 2000 1452 2057 certus,
1475 2008 1594 2060 per

526 2074 717 2132 petuus
737 2072 793 2116 et
822 2068 1284 2132 constantissimus,
1305 2075 1365 2117 ut
1397 2082 1589 2132 nempe

527 2141 759 2192 ordinem
778 2146 979 2191 naturoe
1002 2148 1058 2192 et
1078 2142 1251 2192 aetatis
1285 2143 1591 2194 aemulentur

525 2217 583 2269 in
604 2216 839 2281 historia,
858 2222 918 2266 ut
937 2216 1011 2268 sic
1032 2231 1117 2267 res
1142 2224 1289 2270 recte
1318 2225 1375 2269 et
1407 2219 1588 2271 ordine

487 2329 492 2334 -
527 2296 867 2357 exequantur.

589 2368 663 2418 Et
684 2373 827 2419 certe
846 2369 1122 2420 verecundia
1133 2370 1316 2433 atatis,
1343 2377 1405 2422 ut
1423 2371 1589 2437 loqui·

525 2447 615 2494 tur
632 2442 868 2506 Tacitus,
890 2445 1050 2496 decus
1065 2446 1321 2510 quoddam
1341 2447 1588 2498 eximium

520 2518 714 2581 habet3
747 2524 805 2569 et
836 2520 975 2583 apud
1014 2522 1298 2586 principes,
1322 2536 1386 2571 ea
1408 2537 1585 2587 causa,

524 2592 744 2645 filiorum
787 2595 1163 2646 vetustissimus
1202 2611 1412 2662 regnum
1450 2599 1584 2651 obti-

524 2675 636 2733 net,
675 2676 731 2721 et
767 2670 1005 2721 obtinere
1038 2671 1227 2733 debet3
1260 2687 1425 2737 usque
1450 2674 1582 2725 adeo

405 2743 419 2748 ’
522 2763 625 2799 non
670 2749 798 2800 levis
834 2750 1081 2801 momenti
1123 2749 1227 2800 fuit
1269 2751 1583 2814 auctoribus,

522 2824 758 2876 ordinem
788 2832 985 2877 naturis
1008 2833 1063 2877 et
1086 2827 1257 2878 aetatis
1296 2841 1329 2876 e
1359 2827 1582 2894 vestigio

520 2903 780 2966 persequi.

587 2977 740 3026 Unde
773 2976 1061 3027 certissime
1093 2977 1337 3041 colligere
1370 2978 1497 3030 licet
1517 2994 1585 3029 ex

520 3047 822 3140 Plutarcho,
860 3053 1122 3103 Antoniam
1160 3055 1371 3104 Domitii
1428 3062 1584 3106 aetate

517 3141 743 3188 timorem
762 3127 943 3192 fuisse,
963 3134 1020 3179 et
1039 3137 1416 3194 consequenter
1433 3131 1584 3182 Anto·

519 3205 651 3255 aiom
670 3206 895 3256 minorem
914 3205 1078 3258 fuisse
1091 3223 1303 3259 uxorem
1324 3209 1500 3260 Drusi.

587 3280 858 3332 Praeterea
910 3261 1229 3346 provectior·
1268 3290 1426 3335 oetate
1480 3283 1584 3336 fuit

517 3345 800 3423 Domitius,
815 3365 871 3408 et
886 3358 1026 3421 prius
1044 3359 1111 3408 ad
1124 3362 1448 3411 consulatum
1466 3367 1582 3412 toto

519 3433 792 3496 septennio
824 3439 1039 3484 evectus
1084 3441 1217 3497 erat,
1254 3452 1409 3500 quam
1446 3439 1584 3487 Dru·

519 3522 642 3570 sus;
695 3509 823 3559 licet
864 3510 1091 3574 privigni
1135 3494 1379 3577 Augusti,
1442 3514 1581 3564 inter

519 3599 646 3649 quos
680 3587 895 3650 Drusus,
926 3587 1154 3652 Reipub.
1199 3591 1448 3653 promtius
1490 3592 1580 3642 ad-

516 3669 849 3712 moverentur
867 3683 882 3724 ;
946 3669 1002 3713 et
1058 3666 1322 3729 proecipue
1379 3667 1580 3718 Drusus

395 3760 408 3771 =
516 3733 638 3797 iste,
657 3738 745 3800 qui
784 3753 956 3787 amore
993 3739 1151 3788 Liviae
1186 3739 1438 3806 Augustoe
1460 3741 1581 3791 sub-

516 3809 687 3873 nixus,
729 3819 784 3862 et
825 3813 876 3860 in
922 3814 1090 3876 gratia
1132 3814 1368 3879 flagranti
1422 3817 1580 3880 ipsius

514 3882 754 3950 Augusti.
798 3886 984 3951 Itaque
1004 3887 1284 3939 Antoniam
1305 3891 1580 3955 majorem,

517 3966 581 4010 ut
602 3956 775 4011 se‘nior
808 3965 984 4013 Druso
1008 3979 1068 4014 ac
1101 3965 1269 4030 major
1307 3975 1451 4031 natu,
1485 3969 1577 4017 du-

517 4046 648 4095 cere,
663 4050 876 4086 uxorem
899 4038 1080 4087 debuit
1101 4040 1383 4092 Domitius.

582 4110 797 4174 Nuptiae
820 4112 922 4162 inae
944 4111 1262 4163 feminarum
1289 4118 1576 4182 principum

517 4183 632 4236 iere
664 4194 946 4252 sequuntur
987 4190 1053 4239 ad
1090 4191 1310 4255 insignia
1331 4194 1579 4245 honorum

517 4270 579 4317 et
615 4264 1046 4333 magistratuum3
1097 4274 1158 4320 et
1199 4271 1329 4323 tales
1351 4302 1356 4307 ·
1380 4273 1581 4339 generi,

1675 710 1783 767 aut,
1806 703 1949 768 qnasi
1984 701 2181 768 generi,
2201 702 2429 767 insigniti
2457 702 2735 769 precipuis

1672 780 1946 831 honoribus
1962 779 2058 830 sub
2074 778 2330 842 Augusto,
2346 784 2405 828 ut
2426 780 2582 829 tantis
2601 794 2733 844 nup·

1673 856 1761 906 tiis
1797 856 1936 921 digni
1974 855 2295 919 viderentur,
2316 860 2407 904 aut
2428 861 2576 905 certe
2614 855 2731 906 tali-

1670 931 1769 981 bus
1810 930 2021 995 nuptiis,
2068 932 2285 981 honores
2342 936 2399 981 et
2442 931 2730 995 dignitates

1672 1008 2105 1073 adipiscebantur.

1734 1086 1962 1136 Antonia
1982 1084 2225 1147 Domitii,
2241 1088 2301 1133 ut
2320 1098 2437 1149 quae
2458 1083 2515 1134 in
2532 1083 2732 1150 ignobi·

1669 1161 1855 1211 liorem
1897 1160 2106 1211 domum
2139 1160 2484 1223 denupsisset,
2512 1161 2597 1211 vel
2631 1160 2733 1215 alin

1671 1251 1843 1300 causa,
1863 1235 2086 1286 obscura
2103 1241 2204 1298 est,
2225 1241 2282 1285 et
2298 1236 2478 1300 ignota
2498 1236 2550 1287 iu
2571 1237 2732 1288 bisto-

1671 1313 1751 1363 ria
1785 1312 1935 1363 Rom.
1974 1312 2017 1362 si
2053 1311 2433 1361 matrimonium
2455 1312 2568 1376 ejus
2591 1312 2732 1362 exci-

1670 1388 1800 1453 pias.
1865 1386 1941 1438 At
1984 1388 2053 1437 de
2087 1387 2317 1438 Antonia
2359 1388 2538 1450 Drusi,
2566 1390 2732 1439 multa

1669 1463 1878 1528 egregia
1900 1461 2186 1527 pra-‚dicant
2215 1469 2474 1526 auctores,
2495 1461 2732 1527 formam,

1671 1543 1729 1589 et
1771 1539 2077 1603 pudicitiam
2110 1538 2370 1604 eximiam,
2406 1552 2631 1589 amorem
2672 1539 2729 1589 in

1667 1615 1910 1667 maritum
1950 1615 2277 1678 singularem,
2316 1612 2730 1678 viduitatemque
2810 1624 2825 1636 ‘

1668 1690 1986 1740 sanctissime
2009 1695 2179 1740 actam
2211 1691 2265 1740 in
2296 1689 2412 1739 sinu
2435 1690 2598 1740 Liviae
2620 1690 2730 1742 Au·

1671 1773 1869 1831 gustae3
1902 1772 1963 1816 ut
1996 1779 2113 1832 quae
2153 1772 2409 1831 perpetuo
2446 1766 2642 1817 vixerit
2676 1765 2730 1817 in

1671 1843 1807 1905 aula,
1829 1841 2068 1892 omnibus
2089 1843 2285 1894 artibus
2307 1848 2373 1893 et·
2393 1835 2731 1907 flagitiisan-

1671 1916 1782 1967 licis
1804 1924 2028 1969 exemta.

1731 1993 1804 2043 Et
1842 1999 1988 2044 certe
2019 1994 2132 2044 haec
2172 1994 2286 2059 ipsa
2324 1998 2424 2053 est,
2448 1993 2492 2043 si
2510 1992 2729 2045 virtutes

1667 2067 1783 2118 illas
1803 2082 1835 2118 e
1866 2070 2086 2133 vestigio
2108 2070 2385 2135 sequimur,
2404 2085 2522 2135 quae
2544 2070 2729 2119 Sueto-

1667 2143 1755 2202 nio
1797 2144 1995 2195 diserte
2034 2152 2251 2195 vocatur
2291 2144 2502 2194 Antonio
2542 2143 2730 2202 utimr·

1667 2224 1726 2269 et
1763 2234 1897 2285 quse,
1935 2220 2166 2270 secundo
2200 2221 2339 2281 loco,
2364 2225 2730 2270 memoratura

1668 2295 2125 2360 Plutarcho,‘haud
2141 2295 2315 2358 dubie,
2333 2299 2393 2345 ut
2402 2294 2594 2358 junior.

1730 2370 1809 2423 At
1845 2371 2135 2435 refragatur
2169 2372 2424 2432 Tacitus;
2455 2369 2727 2424 hoe-vide-

1669 2454 1772 2511 tur,
1796 2448 1887 2499 sed
1909 2448 2141 2513 quamvis
2161 2447 2216 2498 id
2236 2452 2506 2499 constaret
2526 2452 2735 2513 aperte,

1665 2539 1813 2587 aeque
1835 2524 2067 2577 Hercules
2086 2531 2252 2575 coum
2271 2527 2404 2577 ἆιωσ.

1732 2601 1785 2650 Is
1802 2615 1946 2651 error
1968 2602 2139 2664 potuit
2162 2601 2287 2652 oriri
2308 2616 2376 2651 ex
2397 2600 2729 2665 compendia,-

1666 2675 1743 2725 rio
1765 2675 2026 2727 scribendi
2043 2676 2210 2729 modo.
2259 2677 2364 2726 Sed
2380 2676 2578 2727 duobus
2592 2677 2727 2727 locis

1664 2751 1821 2802 habet
1842 2752 1982 2802 idem
2000 2753 2224 2803 Tacitus.
2276 2752 2469 2802 Verum
2491 2756 2587 2802 est.
2617 2751 2727 2802 Sed

1664 2828 1943 2893 utrobique
1982 2828 2121 2878 idem
2159 2842 2327 2891 error,
2348 2833 2404 2877 et
2439 2842 2506 2878 ex
2541 2827 2726 2879 eadem

1664 2917 1819 2953 causa
1833 2903 1936 2955 fuit
1951 2920 1967 2968 3
1984 2905 2105 2970 quia
2120 2910 2181 2956 ut
2196 2904 2377 2955 eodem
2394 2903 2546 2954 modo
2559 2905 2727 2969 scrip-

1663 2985 1773 3030 tum
1797 2981 2092 3046 utrobique,
2112 2981 2189 3031 ita
2208 2987 2264 3030 et
2279 2980 2393 3044 pari
2412 2979 2566 3031 modo
2597 2978 2728 3031 dno*—

1663 3055 1761 3106 bus
1785 3056 1900 3107 istis
1920 3056 2052 3106 locis
2071 3070 2345 3121 perperam
2375 3056 2571 3105 lectum
2609 3061 2694 3105 est
2710 3071 2733 3117 ς

1663 3131 1983 3197 opponitque
2017 3147 2074 3181 se
2106 3132 2220 3195 pari
2243 3132 2294 3181 vi
2317 3130 2615 3192 Suetonius,
2635 3130 2725 3195 qui

1664 3207 1864 3257 duobus
1897 3208 2025 3257 locis
2061 3208 2296 3271 appellat
2341 3206 2602 3258 Aaronem
2632 3207 2727 3257 rni-

1660 3300 1822 3336 norm
1843 3283 2126 3335 Antoniam
2146 3284 2326 3335 Drusi.

1726 3361 1798 3410 Et
1832 3358 2055 3424 Lipsius,
2091 3359 2179 3423 qui
2211 3360 2447 3409 Tacitum
2467 3365 2523 3409 et
2542 3359 2724 3410 Sueto-

1660 3437 1804 3486 nium
1825 3435 2042 3499 perinde
2073 3435 2351 3497 intellexit,
2370 3434 2631 3500 (audeam.
2644 3434 2723 3484 di-

1662 3527 1782 3563 cere
1820 3526 1928 3576 prae
1969 3510 2158 3562 ceteris
2192 3511 2317 3559 viris
2356 3510 2578 3560 literatis
2611 3525 2721 3560 sue

1660 3595 1956 3653 nostraeque
1988 3586 2200 3651 aetatis,)
2223 3601 2323 3635 uon
2358 3585 2620 3636 dubitavit
2653 3585 2725 3637 de

1660 3678 1836 3714 errore
1854 3664 1983 3714 Tac.
1999 3665 2052 3713 in
2073 3664 2171 3714 hac
2193 3655 2432 3728 materia,
2443 3665 2723 3716 undecum-

1658 3755 1759 3806 que
1796 3741 2002 3790 venerit
2037 3754 2216 3791 error:
2250 3754 2349 3790 nec
2370 3754 2575 3791 manum
2613 3755 2724 3789 sus-

1657 3815 1860 3879 pendit,
1901 3808 2001 3865 nisi
2046 3816 2166 3882 quia
2202 3823 2404 3867 textum
2441 3815 2615 3866 'l'aciti
2646 3815 2723 3865 in·

1656 3892 1903 3941 violatum
1923 3893 2108 3956 voluit,
2125 3899 2372 3957 quantum
2394 3891 2575 3955 inipso
2595 3889 2720 3942 fuit.

1723 3968 1880 4018 Certe
1901 3967 2120 4033 opponit
2153 3969 2244 4018 ille
2268 3968 2527 4033 duplicem
2549 3969 2725 4019 locum

1654 4043 1829 4093 Taciti
1850 4042 2045 4106 duplici
2065 4044 2182 4094 loco
2205 4043 2470 4093 Suetonii:
2506 4048 2560 4092 et
2590 4041 2718 4092 licet

1658 4117 1905 4167 arbitrum
1936 4117 2075 4168 inter
2119 4124 2290 4168 tantos
2332 4126 2572 4168 auctores
2600 4110 2718 4167 sese

1655 4190 1792 4242 ferre
1814 4193 2057 4257 noluerit,
2093 4193 2230 4243 serio
2262 4199 2439 4243 tamen
2477 4191 2725 4259 credidit,

1655 4273 1713 4320 et
1732 4269 2001 4327 convictus
2015 4265 2133 4332 fuit,
2145 4267 2408 4321 Anteium
2420 4267 2574 4322 Drusi
2589 4278 2717 4318 vere
