<?xml version="1.0" encoding="UTF-8"?>
<!DOCTYPE html PUBLIC "-//W3C//DTD XHTML 1.0 Transitional//EN"
    "http://www.w3.org/TR/xhtml1/DTD/xhtml1-transitional.dtd">
<html xmlns="http://www.w3.org/1999/xhtml" xml:lang="en" lang="en">
 <head>
  <title>
</title>
<meta http-equiv="Content-Type" content="text/html;charset=utf-8" />
  <meta name='ocr-system' content='tesseract 3.04.00' />
  <meta name='ocr-capabilities' content='ocr_page ocr_carea ocr_par ocr_line ocrx_word'/>
</head>
<body>
  <div class='ocr_page' id='page_1' title='image "./operaomnia05unkngoog/operaomnia05unkngoog_0250.png"; bbox 0 0 3100 4925; ppageno 0'>
   <div class='ocr_carea' id='block_1_1' title="bbox 529 413 756 484">
    <p class='ocr_par' dir='ltr' id='par_1_1' title="bbox 529 413 756 484">
     <span class='ocr_line' id='line_1_1' title="bbox 529 413 756 484; baseline -0.013 0"><span class='ocrx_word' id='word_1_1' title='bbox 529 413 756 484; x_wconf 72' lang='lat'>1872-</span> 
     </span>
    </p>
   </div>
   <div class='ocr_carea' id='block_1_2' title="bbox 1232 423 2021 480">
    <p class='ocr_par' dir='ltr' id='par_1_2' title="bbox 1232 423 2021 480">
     <span class='ocr_line' id='line_1_2' title="bbox 1232 423 2021 480; baseline -0.003 -4"><span class='ocrx_word' id='word_1_2' title='bbox 1232 430 1297 479; x_wconf 82' lang='grc'>0.</span> <span class='ocrx_word' id='word_1_3' title='bbox 1344 427 1707 480; x_wconf 62' lang='lat' dir='ltr'>commun</span> <span class='ocrx_word' id='word_1_4' title='bbox 1753 423 2021 476; x_wconf 59' lang='lat' dir='ltr'>&#39;mom’</span> 
     </span>
    </p>
   </div>
   <div class='ocr_carea' id='block_1_3' title="bbox 2405 417 2735 493">
    <p class='ocr_par' dir='ltr' id='par_1_3' title="bbox 2405 417 2735 493">
     <span class='ocr_line' id='line_1_3' title="bbox 2405 417 2735 493; baseline -0.006 -12"><span class='ocrx_word' id='word_1_5' title='bbox 2405 417 2735 493; x_wconf 52' lang='lat' dir='ltr'>[mussa</span> 
     </span>
    </p>
   </div>
   <div class='ocr_carea' id='block_1_4' title="bbox 1516 618 1736 672">
    <p class='ocr_par' dir='ltr' id='par_1_4' title="bbox 1516 618 1736 672">
     <span class='ocr_line' id='line_1_4' title="bbox 1516 618 1736 672; baseline -0.005 -1"><span class='ocrx_word' id='word_1_6' title='bbox 1516 618 1736 672; x_wconf 80' lang='lat' dir='ltr'>No&#39;rAE</span> 
     </span>
    </p>
   </div>
   <div class='ocr_carea' id='block_1_5' title="bbox 521 747 1596 4292">
    <p class='ocr_par' dir='ltr' id='par_1_5' title="bbox 522 747 1594 1266">
     <span class='ocr_line' id='line_1_5' title="bbox 525 747 1591 802; baseline -0.004 0"><span class='ocrx_word' id='word_1_7' title='bbox 525 763 762 802; x_wconf 84' lang='lat' dir='ltr'>uuessam</span> <span class='ocrx_word' id='word_1_8' title='bbox 804 761 1058 801; x_wconf 79' lang='lat' dir='ltr'>venenum</span> <span class='ocrx_word' id='word_1_9' title='bbox 1104 748 1368 801; x_wconf 79' lang='lat' dir='ltr'>coxisset?</span> <span class='ocrx_word' id='word_1_10' title='bbox 1433 747 1591 798; x_wconf 91' lang='lat' dir='ltr'>immo</span> 
     </span>
     <span class='ocr_line' id='line_1_6' title="bbox 522 825 1594 892; baseline -0.004 -15"><span class='ocrx_word' id='word_1_11' title='bbox 522 828 867 891; x_wconf 87' lang='lat' dir='ltr'>importunius</span> <span class='ocrx_word' id='word_1_12' title='bbox 897 827 963 876; x_wconf 91' lang='lat' dir='ltr'>ob</span> <span class='ocrx_word' id='word_1_13' title='bbox 1001 825 1402 892; x_wconf 80' lang='lat' dir='ltr'>infrequentiam</span> <span class='ocrx_word' id='word_1_14' title='bbox 1442 825 1594 887; x_wconf 64' lang='lat' dir='ltr'>aula,</span> 
     </span>
     <span class='ocr_line' id='line_1_7' title="bbox 526 901 1592 963; baseline -0.003 -11"><span class='ocrx_word' id='word_1_15' title='bbox 526 917 624 954; x_wconf 87' lang='lat' dir='ltr'>nec</span> <span class='ocrx_word' id='word_1_16' title='bbox 647 909 753 952; x_wconf 88' lang='lat' dir='ltr'>tam</span> <span class='ocrx_word' id='word_1_17' title='bbox 784 903 918 952; x_wconf 88' lang='lat' dir='ltr'>bene</span> <span class='ocrx_word' id='word_1_18' title='bbox 953 903 1224 952; x_wconf 87' lang='lat' dir='ltr'>latuissent</span> <span class='ocrx_word' id='word_1_19' title='bbox 1251 908 1410 963; x_wconf 87' lang='lat' dir='ltr'>artes,</span> <span class='ocrx_word' id='word_1_20' title='bbox 1448 907 1506 951; x_wconf 87' lang='lat' dir='ltr'>ut</span> <span class='ocrx_word' id='word_1_21' title='bbox 1537 901 1592 949; x_wconf 86' lang='lat' dir='ltr'>iu</span> 
     </span>
     <span class='ocr_line' id='line_1_8' title="bbox 529 978 1593 1041; baseline -0.002 -14"><span class='ocrx_word' id='word_1_22' title='bbox 529 980 647 1027; x_wconf 70' lang='lat' dir='ltr'>atila</span> <span class='ocrx_word' id='word_1_23' title='bbox 686 993 748 1027; x_wconf 88' lang='lat' dir='ltr'>ac</span> <span class='ocrx_word' id='word_1_24' title='bbox 793 979 993 1041; x_wconf 87' lang='lat' dir='ltr'>palatio</span> <span class='ocrx_word' id='word_1_25' title='bbox 1038 979 1239 1029; x_wconf 81' lang='lat' dir='ltr'>Romae.</span> <span class='ocrx_word' id='word_1_26' title='bbox 1322 978 1593 1028; x_wconf 65' lang='lat' dir='ltr'>Praeterea</span> 
     </span>
     <span class='ocr_line' id='line_1_9' title="bbox 524 1052 1591 1117; baseline -0.002 -14"><span class='ocrx_word' id='word_1_27' title='bbox 524 1054 698 1104; x_wconf 87' lang='lat' dir='ltr'>tribus·</span> <span class='ocrx_word' id='word_1_28' title='bbox 728 1053 878 1102; x_wconf 85' lang='lat' dir='ltr'>lineis</span> <span class='ocrx_word' id='word_1_29' title='bbox 916 1054 1112 1117; x_wconf 88' lang='lat' dir='ltr'>repetit</span> <span class='ocrx_word' id='word_1_30' title='bbox 1140 1052 1350 1102; x_wconf 86' lang='lat' dir='ltr'>Tacitus</span> <span class='ocrx_word' id='word_1_31' title='bbox 1373 1052 1591 1101; x_wconf 85' lang='lat' dir='ltr'>eandem</span> 
     </span>
     <span class='ocr_line' id='line_1_10' title="bbox 525 1127 1592 1193; baseline 0.001 -17"><span class='ocrx_word' id='word_1_32' title='bbox 525 1142 725 1189; x_wconf 83' lang='lat' dir='ltr'>vocem,</span> <span class='ocrx_word' id='word_1_33' title='bbox 766 1128 1022 1186; x_wconf 62' lang='lat' dir='ltr'>Claudiusf</span> <span class='ocrx_word' id='word_1_34' title='bbox 1055 1127 1189 1193; x_wconf 87' lang='lat' dir='ltr'>quod</span> <span class='ocrx_word' id='word_1_35' title='bbox 1223 1143 1325 1177; x_wconf 87' lang='lat' dir='ltr'>non</span> <span class='ocrx_word' id='word_1_36' title='bbox 1349 1127 1502 1190; x_wconf 86' lang='lat' dir='ltr'>solet,</span> <span class='ocrx_word' id='word_1_37' title='bbox 1534 1133 1592 1177; x_wconf 85' lang='lat' dir='ltr'>et</span> 
     </span>
     <span class='ocr_line' id='line_1_11' title="bbox 525 1202 1491 1266; baseline 0.003 -14"><span class='ocrx_word' id='word_1_38' title='bbox 525 1204 707 1266; x_wconf 86' lang='lat' dir='ltr'>inepta</span> <span class='ocrx_word' id='word_1_39' title='bbox 728 1203 800 1251; x_wconf 88' lang='lat' dir='ltr'>sic</span> <span class='ocrx_word' id='word_1_40' title='bbox 822 1204 990 1253; x_wconf 86' lang='lat' dir='ltr'>oratio</span> <span class='ocrx_word' id='word_1_41' title='bbox 1010 1210 1066 1253; x_wconf 92' lang='lat' dir='ltr'>et</span> <span class='ocrx_word' id='word_1_42' title='bbox 1086 1204 1317 1254; x_wconf 85' lang='lat' dir='ltr'>narratio</span> <span class='ocrx_word' id='word_1_43' title='bbox 1337 1202 1491 1255; x_wconf 83' lang='lat' dir='ltr'>foret.</span> 
     </span>
    </p>

    <p class='ocr_par' dir='ltr' id='par_1_6' title="bbox 527 1277 1595 1948">
     <span class='ocr_line' id='line_1_12' title="bbox 590 1277 1590 1343; baseline 0.002 -17"><span class='ocrx_word' id='word_1_44' title='bbox 590 1283 616 1318; x_wconf 79' lang='lat'>‘¹</span> <span class='ocrx_word' id='word_1_45' title='bbox 652 1277 904 1341; x_wconf 74' lang='lat' dir='ltr'>Claudius]</span> <span class='ocrx_word' id='word_1_46' title='bbox 970 1279 1224 1330; x_wconf 79' lang='lat' dir='ltr'>Libenter</span> <span class='ocrx_word' id='word_1_47' title='bbox 1264 1293 1590 1343; x_wconf 81' lang='lat' dir='ltr'>reponerem,</span> 
     </span>
     <span class='ocr_line' id='line_1_13' title="bbox 530 1353 1592 1417; baseline 0.001 -14"><span class='ocrx_word' id='word_1_48' title='bbox 530 1353 800 1415; x_wconf 77' lang='lat' dir='ltr'>Narcissus,</span> <span class='ocrx_word' id='word_1_49' title='bbox 824 1354 911 1417; x_wconf 90' lang='lat' dir='ltr'>qui</span> <span class='ocrx_word' id='word_1_50' title='bbox 933 1353 988 1402; x_wconf 93' lang='lat' dir='ltr'>in</span> <span class='ocrx_word' id='word_1_51' title='bbox 1006 1353 1367 1417; x_wconf 81' lang='lat' dir='ltr'>aegritudinem</span> <span class='ocrx_word' id='word_1_52' title='bbox 1386 1354 1592 1417; x_wconf 80' lang='lat' dir='ltr'><strong>incidit,</strong></span> 
     </span>
     <span class='ocr_line' id='line_1_14' title="bbox 529 1428 1590 1494; baseline 0.003 -17"><span class='ocrx_word' id='word_1_53' title='bbox 529 1434 586 1477; x_wconf 86' lang='lat' dir='ltr'>et</span> <span class='ocrx_word' id='word_1_54' title='bbox 606 1428 897 1478; x_wconf 75' lang='lat' dir='ltr'>Sinuessam</span> <span class='ocrx_word' id='word_1_55' title='bbox 920 1431 1094 1494; x_wconf 83' lang='lat' dir='ltr'>pergit</span> <span class='ocrx_word' id='word_1_56' title='bbox 1113 1445 1128 1488; x_wconf 72' lang='grc' dir='ltr'><strong>ς</strong></span> <span class='ocrx_word' id='word_1_57' title='bbox 1164 1444 1316 1494; x_wconf 88' lang='lat' dir='ltr'>quam</span> <span class='ocrx_word' id='word_1_58' title='bbox 1339 1429 1590 1480; x_wconf 72' lang='lat' dir='ltr'>absentias</span> 
     </span>
     <span class='ocr_line' id='line_1_15' title="bbox 529 1503 1592 1569; baseline 0.001 -17"><span class='ocrx_word' id='word_1_59' title='bbox 529 1503 687 1566; x_wconf 86' lang='lat' dir='ltr'>ipsius</span> <span class='ocrx_word' id='word_1_60' title='bbox 710 1503 1033 1554; x_wconf 73' lang='lat' dir='ltr'>occasionem</span> <span class='ocrx_word' id='word_1_61' title='bbox 1062 1506 1247 1569; x_wconf 87' lang='lat' dir='ltr'>arripit</span> <span class='ocrx_word' id='word_1_62' title='bbox 1278 1505 1592 1568; x_wconf 81' lang='lat' dir='ltr'>Agrippina,</span> 
     </span>
     <span class='ocr_line' id='line_1_16' title="bbox 527 1580 1594 1634; baseline 0 -4"><span class='ocrx_word' id='word_1_63' title='bbox 527 1580 650 1634; x_wconf 80' lang='lat' dir='ltr'>olim</span> <span class='ocrx_word' id='word_1_64' title='bbox 690 1585 835 1629; x_wconf 85' lang='lat' dir='ltr'>certa</span> <span class='ocrx_word' id='word_1_65' title='bbox 868 1580 1093 1630; x_wconf 87' lang='lat' dir='ltr'>sceleris.</span> <span class='ocrx_word' id='word_1_66' title='bbox 1157 1581 1310 1632; x_wconf 78' lang='lat' dir='ltr'>Quod</span> <span class='ocrx_word' id='word_1_67' title='bbox 1347 1581 1435 1632; x_wconf 77' lang='lat' dir='ltr'>vix</span> <span class='ocrx_word' id='word_1_68' title='bbox 1470 1595 1594 1630; x_wconf 83' lang='lat' dir='ltr'>ansa</span> 
     </span>
     <span class='ocr_line' id='line_1_17' title="bbox 531 1655 1595 1720; baseline -0.001 -14"><span class='ocrx_word' id='word_1_69' title='bbox 531 1662 676 1717; x_wconf 78' lang='lat' dir='ltr'>esset</span> <span class='ocrx_word' id='word_1_70' title='bbox 713 1661 973 1719; x_wconf 60' lang='lat' dir='ltr'>prasente</span> <span class='ocrx_word' id='word_1_71' title='bbox 985 1656 1263 1717; x_wconf 75' lang='lat' dir='ltr'>Narcisso,</span> <span class='ocrx_word' id='word_1_72' title='bbox 1300 1657 1390 1720; x_wconf 88' lang='lat' dir='ltr'>qui</span> <span class='ocrx_word' id='word_1_73' title='bbox 1409 1655 1595 1720; x_wconf 87' lang='lat' dir='ltr'>princi-</span> 
     </span>
     <span class='ocr_line' id='line_1_18' title="bbox 530 1731 1595 1796; baseline 0.001 -16"><span class='ocrx_word' id='word_1_74' title='bbox 530 1746 650 1795; x_wconf 80' lang='lat' dir='ltr'>pem</span> <span class='ocrx_word' id='word_1_75' title='bbox 672 1738 732 1781; x_wconf 89' lang='lat' dir='ltr'>ut</span> <span class='ocrx_word' id='word_1_76' title='bbox 753 1732 974 1781; x_wconf 84' lang='lat' dir='ltr'>animam</span> <span class='ocrx_word' id='word_1_77' title='bbox 994 1746 1136 1782; x_wconf 86' lang='lat' dir='ltr'>suam</span> <span class='ocrx_word' id='word_1_78' title='bbox 1157 1731 1390 1795; x_wconf 81' lang='lat' dir='ltr'>fovebat,</span> <span class='ocrx_word' id='word_1_79' title='bbox 1425 1739 1482 1781; x_wconf 90' lang='lat' dir='ltr'>et</span> <span class='ocrx_word' id='word_1_80' title='bbox 1504 1732 1595 1796; x_wconf 81' lang='lat' dir='ltr'>qui</span> 
     </span>
     <span class='ocr_line' id='line_1_19' title="bbox 531 1804 1594 1871; baseline 0.001 -15"><span class='ocrx_word' id='word_1_81' title='bbox 531 1804 668 1856; x_wconf 84' lang='lat' dir='ltr'>haud</span> <span class='ocrx_word' id='word_1_82' title='bbox 688 1805 843 1855; x_wconf 88' lang='lat' dir='ltr'>dubie</span> <span class='ocrx_word' id='word_1_83' title='bbox 863 1808 1156 1858; x_wconf 85' lang='lat' dir='ltr'>emissarios</span> <span class='ocrx_word' id='word_1_84' title='bbox 1176 1809 1229 1857; x_wconf 91' lang='lat' dir='ltr'>in</span> <span class='ocrx_word' id='word_1_85' title='bbox 1254 1809 1369 1858; x_wconf 84' lang='lat' dir='ltr'>aula</span> <span class='ocrx_word' id='word_1_86' title='bbox 1390 1808 1594 1871; x_wconf 79' lang='lat' dir='ltr'>habuit,</span> 
     </span>
     <span class='ocr_line' id='line_1_20' title="bbox 532 1882 1403 1948; baseline 0.001 -15"><span class='ocrx_word' id='word_1_87' title='bbox 532 1889 593 1933; x_wconf 87' lang='lat' dir='ltr'>ut</span> <span class='ocrx_word' id='word_1_88' title='bbox 616 1882 705 1947; x_wconf 87' lang='lat' dir='ltr'>qui</span> <span class='ocrx_word' id='word_1_89' title='bbox 726 1883 777 1931; x_wconf 89' lang='lat' dir='ltr'>in</span> <span class='ocrx_word' id='word_1_90' title='bbox 800 1884 966 1947; x_wconf 81' lang='lat' dir='ltr'>gratia</span> <span class='ocrx_word' id='word_1_91' title='bbox 985 1882 1229 1948; x_wconf 81' lang='lat' dir='ltr'>flagranti</span> <span class='ocrx_word' id='word_1_92' title='bbox 1249 1890 1403 1935; x_wconf 87' lang='lat' dir='ltr'>esset.</span> 
     </span>
    </p>

    <p class='ocr_par' dir='ltr' id='par_1_7' title="bbox 523 1960 1596 3897">
     <span class='ocr_line' id='line_1_21' title="bbox 613 1960 1591 2011; baseline 0.002 -2"><span class='ocrx_word' id='word_1_93' title='bbox 613 1960 730 2009; x_wconf 90' lang='lat' dir='ltr'>Nec</span> <span class='ocrx_word' id='word_1_94' title='bbox 788 1966 931 2010; x_wconf 85' lang='lat' dir='ltr'>certe</span> <span class='ocrx_word' id='word_1_95' title='bbox 993 1960 1169 2010; x_wconf 86' lang='lat' dir='ltr'>datum</span> <span class='ocrx_word' id='word_1_96' title='bbox 1214 1967 1296 2010; x_wconf 89' lang='lat' dir='ltr'>est</span> <span class='ocrx_word' id='word_1_97' title='bbox 1336 1976 1591 2011; x_wconf 86' lang='lat' dir='ltr'>venenum</span> 
     </span>
     <span class='ocr_line' id='line_1_22' title="bbox 533 2036 1594 2101; baseline 0.001 -16"><span class='ocrx_word' id='word_1_98' title='bbox 533 2036 749 2086; x_wconf 78' lang='lat' dir='ltr'>Claudio</span> <span class='ocrx_word' id='word_1_99' title='bbox 768 2038 1067 2099; x_wconf 69' lang='lat' dir='ltr'>aegrotanti,</span> <span class='ocrx_word' id='word_1_100' title='bbox 1087 2037 1179 2085; x_wconf 89' lang='lat' dir='ltr'>sed</span> <span class='ocrx_word' id='word_1_101' title='bbox 1202 2038 1254 2086; x_wconf 90' lang='lat' dir='ltr'>in</span> <span class='ocrx_word' id='word_1_102' title='bbox 1278 2038 1405 2101; x_wconf 87' lang='lat' dir='ltr'>ipsis</span> <span class='ocrx_word' id='word_1_103' title='bbox 1427 2039 1594 2101; x_wconf 88' lang='lat' dir='ltr'>epulis</span> 
     </span>
     <span class='ocr_line' id='line_1_23' title="bbox 532 2112 1594 2177; baseline 0.002 -15"><span class='ocrx_word' id='word_1_104' title='bbox 532 2116 589 2162; x_wconf 81' lang='lat' dir='ltr'>ct</span> <span class='ocrx_word' id='word_1_105' title='bbox 623 2112 676 2161; x_wconf 89' lang='lat' dir='ltr'>in</span> <span class='ocrx_word' id='word_1_106' title='bbox 711 2112 905 2174; x_wconf 85' lang='lat' dir='ltr'>boleto,</span> <span class='ocrx_word' id='word_1_107' title='bbox 945 2114 1033 2177; x_wconf 86' lang='lat' dir='ltr'>qui</span> <span class='ocrx_word' id='word_1_108' title='bbox 1070 2114 1215 2163; x_wconf 89' lang='lat' dir='ltr'>cibus</span> <span class='ocrx_word' id='word_1_109' title='bbox 1253 2114 1340 2162; x_wconf 86' lang='lat' dir='ltr'>vix</span> <span class='ocrx_word' id='word_1_110' title='bbox 1376 2114 1594 2164; x_wconf 83' lang='lat' dir='ltr'>daretur</span> 
     </span>
     <span class='ocr_line' id='line_1_24' title="bbox 530 2186 1596 2253; baseline 0.005 -18"><span class='ocrx_word' id='word_1_111' title='bbox 530 2186 833 2250; x_wconf 82' lang='lat' dir='ltr'>cuicumque</span> <span class='ocrx_word' id='word_1_112' title='bbox 854 2202 1013 2251; x_wconf 77' lang='lat' dir='ltr'>aegro,</span> <span class='ocrx_word' id='word_1_113' title='bbox 1036 2188 1222 2237; x_wconf 88' lang='lat' dir='ltr'>nedum</span> <span class='ocrx_word' id='word_1_114' title='bbox 1245 2189 1500 2253; x_wconf 80' lang='lat' dir='ltr'>principi:</span> <span class='ocrx_word' id='word_1_115' title='bbox 1537 2196 1596 2240; x_wconf 88' lang='lat' dir='ltr'>et</span> 
     </span>
     <span class='ocr_line' id='line_1_25' title="bbox 532 2263 1592 2329; baseline 0.004 -17"><span class='ocrx_word' id='word_1_116' title='bbox 532 2267 678 2312; x_wconf 88' lang='lat' dir='ltr'>certe</span> <span class='ocrx_word' id='word_1_117' title='bbox 701 2263 978 2312; x_wconf 83' lang='lat' dir='ltr'>vocabatur</span> <span class='ocrx_word' id='word_1_118' title='bbox 1016 2264 1304 2327; x_wconf 71' lang='lat' dir='ltr'>Narcissus,</span> <span class='ocrx_word' id='word_1_119' title='bbox 1344 2266 1592 2329; x_wconf 64' lang='lat' dir='ltr'>Claudias,</span> 
     </span>
     <span class='ocr_line' id='line_1_26' title="bbox 529 2337 1595 2410; baseline 0.005 -24"><span class='ocrx_word' id='word_1_120' title='bbox 529 2347 674 2387; x_wconf 80' lang='lat' dir='ltr'>more</span> <span class='ocrx_word' id='word_1_121' title='bbox 705 2337 1029 2410; x_wconf 78' lang='lat' dir='ltr'>libertorum,</span> <span class='ocrx_word' id='word_1_122' title='bbox 1067 2340 1155 2405; x_wconf 89' lang='lat' dir='ltr'>qui</span> <span class='ocrx_word' id='word_1_123' title='bbox 1178 2340 1386 2391; x_wconf 83' lang='lat' dir='ltr'>nomina</span> <span class='ocrx_word' id='word_1_124' title='bbox 1422 2347 1595 2404; x_wconf 84' lang='lat' dir='ltr'>patro·</span> 
     </span>
     <span class='ocr_line' id='line_1_27' title="bbox 530 2414 1595 2467; baseline 0.003 -4"><span class='ocrx_word' id='word_1_125' title='bbox 530 2427 713 2464; x_wconf 86' lang='lat' dir='ltr'>uorum</span> <span class='ocrx_word' id='word_1_126' title='bbox 747 2414 1049 2466; x_wconf 80' lang='lat' dir='ltr'>induebant.</span> <span class='ocrx_word' id='word_1_127' title='bbox 1114 2416 1201 2467; x_wconf 88' lang='lat' dir='ltr'>Sic</span> <span class='ocrx_word' id='word_1_128' title='bbox 1239 2423 1297 2467; x_wconf 89' lang='lat' dir='ltr'>et</span> <span class='ocrx_word' id='word_1_129' title='bbox 1320 2417 1467 2467; x_wconf 86' lang='lat' dir='ltr'>Felix</span> <span class='ocrx_word' id='word_1_130' title='bbox 1495 2415 1595 2467; x_wconf 82' lang='lat' dir='ltr'>fra-</span> 
     </span>
     <span class='ocr_line' id='line_1_28' title="bbox 532 2488 1593 2550; baseline 0.003 -12"><span class='ocrx_word' id='word_1_131' title='bbox 532 2494 615 2538; x_wconf 88' lang='lat' dir='ltr'>ter</span> <span class='ocrx_word' id='word_1_132' title='bbox 665 2488 937 2550; x_wconf 87' lang='lat' dir='ltr'>Pallantis,</span> <span class='ocrx_word' id='word_1_133' title='bbox 991 2504 1056 2538; x_wconf 85' lang='lat' dir='ltr'>ex</span> <span class='ocrx_word' id='word_1_134' title='bbox 1100 2492 1306 2540; x_wconf 88' lang='lat' dir='ltr'>nomine</span> <span class='ocrx_word' id='word_1_135' title='bbox 1351 2491 1593 2542; x_wconf 73' lang='lat' dir='ltr'>Antoniae</span> 
     </span>
     <span class='ocr_line' id='line_1_29' title="bbox 528 2563 1593 2629; baseline 0.003 -14"><span class='ocrx_word' id='word_1_136' title='bbox 528 2563 736 2615; x_wconf 83' lang='lat' dir='ltr'>minoris</span> <span class='ocrx_word' id='word_1_137' title='bbox 756 2570 991 2627; x_wconf 82' lang='lat' dir='ltr'>patronae</span> <span class='ocrx_word' id='word_1_138' title='bbox 1017 2566 1196 2629; x_wconf 88' lang='lat' dir='ltr'>ipsius,</span> <span class='ocrx_word' id='word_1_139' title='bbox 1214 2567 1483 2627; x_wconf 51' lang='lat' dir='ltr'>Antonin„</span> <span class='ocrx_word' id='word_1_140' title='bbox 1514 2569 1593 2618; x_wconf 87' lang='lat' dir='ltr'>sic</span> 
     </span>
     <span class='ocr_line' id='line_1_30' title="bbox 528 2638 1592 2710; baseline 0.008 -23"><span class='ocrx_word' id='word_1_141' title='bbox 528 2643 584 2687; x_wconf 90' lang='lat' dir='ltr'>et</span> <span class='ocrx_word' id='word_1_142' title='bbox 607 2638 802 2701; x_wconf 84' lang='lat' dir='ltr'>Pallas,</span> <span class='ocrx_word' id='word_1_143' title='bbox 842 2639 1069 2691; x_wconf 76' lang='lat' dir='ltr'>Claudius</span> <span class='ocrx_word' id='word_1_144' title='bbox 1089 2656 1156 2692; x_wconf 83' lang='lat' dir='ltr'>ex</span> <span class='ocrx_word' id='word_1_145' title='bbox 1180 2643 1429 2693; x_wconf 79' lang='lat' dir='ltr'>vocabulo</span> <span class='ocrx_word' id='word_1_146' title='bbox 1451 2645 1592 2710; x_wconf 86' lang='lat' dir='ltr'>prin·</span> 
     </span>
     <span class='ocr_line' id='line_1_31' title="bbox 528 2713 994 2778; baseline 0.004 -13"><span class='ocrx_word' id='word_1_147' title='bbox 528 2713 659 2778; x_wconf 90' lang='lat' dir='ltr'>cipis</span> <span class='ocrx_word' id='word_1_148' title='bbox 684 2716 994 2778; x_wconf 86' lang='lat' dir='ltr'>appellatus.</span> 
     </span>
     <span class='ocr_line' id='line_1_32' title="bbox 545 2789 1591 2847; baseline 0.01 -10"><span class='ocrx_word' id='word_1_149' title='bbox 545 2822 554 2831; x_wconf 59' lang='lat'>=</span> <span class='ocrx_word' id='word_1_150' title='bbox 593 2789 812 2840; x_wconf 84' lang='lat' dir='ltr'>Claudio</span> <span class='ocrx_word' id='word_1_151' title='bbox 854 2790 1069 2842; x_wconf 83' lang='lat' dir='ltr'>affusum</span> <span class='ocrx_word' id='word_1_152' title='bbox 1105 2808 1226 2844; x_wconf 86' lang='lat' dir='ltr'>esse</span> <span class='ocrx_word' id='word_1_153' title='bbox 1244 2810 1498 2846; x_wconf 83' lang='lat' dir='ltr'>venenum</span> <span class='ocrx_word' id='word_1_154' title='bbox 1536 2798 1591 2847; x_wconf 87' lang='lat' dir='ltr'>iu</span> 
     </span>
     <span class='ocr_line' id='line_1_33' title="bbox 529 2867 1586 2933; baseline 0.007 -19"><span class='ocrx_word' id='word_1_155' title='bbox 529 2867 695 2930; x_wconf 84' lang='lat' dir='ltr'>epulis</span> <span class='ocrx_word' id='word_1_156' title='bbox 718 2867 1008 2930; x_wconf 85' lang='lat' dir='ltr'>ordinariis,</span> <span class='ocrx_word' id='word_1_157' title='bbox 1030 2875 1179 2933; x_wconf 86' lang='lat' dir='ltr'>patet</span> <span class='ocrx_word' id='word_1_158' title='bbox 1199 2884 1265 2920; x_wconf 84' lang='lat' dir='ltr'>ex</span> <span class='ocrx_word' id='word_1_159' title='bbox 1282 2872 1360 2921; x_wconf 83' lang='lat' dir='ltr'>his</span> <span class='ocrx_word' id='word_1_160' title='bbox 1381 2873 1586 2923; x_wconf 77' lang='lat' dir='ltr'>Taciti.</span> 
     </span>
     <span class='ocr_line' id='line_1_34' title="bbox 527 2943 1591 3012; baseline 0.008 -21"><span class='ocrx_word' id='word_1_161' title='bbox 527 2945 543 2972; x_wconf 78' lang='lat'><strong><em>⁶</em></strong></span> <span class='ocrx_word' id='word_1_162' title='bbox 570 2943 813 2992; x_wconf 80' lang='lat' dir='ltr'>Minister</span> <span class='ocrx_word' id='word_1_163' title='bbox 849 2945 1073 2994; x_wconf 81' lang='lat' dir='ltr'>Halotus</span> <span class='ocrx_word' id='word_1_164' title='bbox 1106 2945 1303 2996; x_wconf 80' lang='lat' dir='ltr'>inferre</span> <span class='ocrx_word' id='word_1_165' title='bbox 1333 2949 1512 3012; x_wconf 85' lang='lat' dir='ltr'>epulas</span> <span class='ocrx_word' id='word_1_166' title='bbox 1534 2956 1591 2999; x_wconf 88' lang='lat' dir='ltr'>et</span> 
     </span>
     <span class='ocr_line' id='line_1_35' title="bbox 527 3019 1590 3090; baseline 0.007 -23"><span class='ocrx_word' id='word_1_167' title='bbox 527 3019 800 3081; x_wconf 84' lang='lat' dir='ltr'>explorare</span> <span class='ocrx_word' id='word_1_168' title='bbox 824 3028 971 3082; x_wconf 85' lang='lat' dir='ltr'>gustu</span> <span class='ocrx_word' id='word_1_169' title='bbox 1009 3021 1221 3086; x_wconf 86' lang='lat' dir='ltr'>solitus,&#39;</span> <span class='ocrx_word' id='word_1_170' title='bbox 1254 3024 1343 3086; x_wconf 88' lang='lat' dir='ltr'>qui</span> <span class='ocrx_word' id='word_1_171' title='bbox 1379 3039 1590 3090; x_wconf 84' lang='lat' dir='ltr'>corrup-</span> 
     </span>
     <span class='ocr_line' id='line_1_36' title="bbox 528 3092 1590 3157; baseline 0.01 -16"><span class='ocrx_word' id='word_1_172' title='bbox 528 3098 613 3141; x_wconf 88' lang='lat' dir='ltr'>tus</span> <span class='ocrx_word' id='word_1_173' title='bbox 638 3092 704 3141; x_wconf 84' lang='lat' dir='ltr'>ab</span> <span class='ocrx_word' id='word_1_174' title='bbox 742 3093 1047 3157; x_wconf 86' lang='lat' dir='ltr'>Agrippina,</span> <span class='ocrx_word' id='word_1_175' title='bbox 1084 3098 1219 3145; x_wconf 87' lang='lat' dir='ltr'>haud</span> <span class='ocrx_word' id='word_1_176' title='bbox 1257 3098 1415 3148; x_wconf 85' lang='lat' dir='ltr'>dubie</span> <span class='ocrx_word' id='word_1_177' title='bbox 1453 3100 1590 3151; x_wconf 87' lang='lat' dir='ltr'>infu-</span> 
     </span>
     <span class='ocr_line' id='line_1_37' title="bbox 525 3167 1590 3242; baseline 0.012 -26"><span class='ocrx_word' id='word_1_178' title='bbox 525 3167 606 3217; x_wconf 89' lang='lat' dir='ltr'>dit</span> <span class='ocrx_word' id='word_1_179' title='bbox 628 3168 781 3227; x_wconf 84' lang='lat' dir='ltr'>virus,</span> <span class='ocrx_word' id='word_1_180' title='bbox 818 3177 1089 3234; x_wconf 78' lang='lat' dir='ltr'>postquam</span> <span class='ocrx_word' id='word_1_181' title='bbox 1121 3174 1441 3237; x_wconf 80' lang='lat' dir='ltr'>explorasset</span> <span class='ocrx_word' id='word_1_182' title='bbox 1463 3192 1590 3242; x_wconf 87' lang='lat' dir='ltr'>epu-</span> 
     </span>
     <span class='ocr_line' id='line_1_38' title="bbox 525 3242 1589 3317; baseline 0.01 -25"><span class='ocrx_word' id='word_1_183' title='bbox 525 3242 639 3302; x_wconf 83' lang='lat' dir='ltr'>las3</span> <span class='ocrx_word' id='word_1_184' title='bbox 674 3244 757 3292; x_wconf 78' lang='lat' dir='ltr'>vel</span> <span class='ocrx_word' id='word_1_185' title='bbox 796 3250 918 3294; x_wconf 87' lang='lat' dir='ltr'>tuuc</span> <span class='ocrx_word' id='word_1_186' title='bbox 959 3246 1187 3296; x_wconf 89' lang='lat' dir='ltr'>boletum</span> <span class='ocrx_word' id='word_1_187' title='bbox 1226 3249 1369 3299; x_wconf 89' lang='lat' dir='ltr'>illum</span> <span class='ocrx_word' id='word_1_188' title='bbox 1413 3251 1589 3317; x_wconf 81' lang='lat' dir='ltr'>ingen-</span> 
     </span>
     <span class='ocr_line' id='line_1_39' title="bbox 526 3322 1587 3391; baseline 0.011 -25"><span class='ocrx_word' id='word_1_189' title='bbox 526 3322 634 3366; x_wconf 80' lang='lat' dir='ltr'>tem</span> <span class='ocrx_word' id='word_1_190' title='bbox 666 3331 987 3381; x_wconf 84' lang='lat' dir='ltr'>nequaquam</span> <span class='ocrx_word' id='word_1_191' title='bbox 1022 3324 1331 3387; x_wconf 70' lang='lat' dir='ltr'>exploravit,</span> <span class='ocrx_word' id='word_1_192' title='bbox 1368 3340 1435 3375; x_wconf 88' lang='lat' dir='ltr'>ne</span> <span class='ocrx_word' id='word_1_193' title='bbox 1461 3327 1587 3391; x_wconf 83' lang='lat' dir='ltr'>quid</span> 
     </span>
     <span class='ocr_line' id='line_1_40' title="bbox 526 3392 1585 3467; baseline 0.01 -25"><span class='ocrx_word' id='word_1_194' title='bbox 526 3401 593 3442; x_wconf 86' lang='lat' dir='ltr'>e&#39;x</span> <span class='ocrx_word' id='word_1_195' title='bbox 630 3392 826 3441; x_wconf 83' lang='lat' dir='ltr'>deliciis</span> <span class='ocrx_word' id='word_1_196' title='bbox 852 3395 1070 3446; x_wconf 77' lang='lat' dir='ltr'>Caesaris</span> <span class='ocrx_word' id='word_1_197' title='bbox 1093 3398 1364 3461; x_wconf 81' lang='lat' dir='ltr'>delibaret,</span> <span class='ocrx_word' id='word_1_198' title='bbox 1384 3404 1473 3467; x_wconf 87' lang='lat' dir='ltr'>qui</span> <span class='ocrx_word' id='word_1_199' title='bbox 1495 3404 1585 3452; x_wconf 87' lang='lat' dir='ltr'>bo-</span> 
     </span>
     <span class='ocr_line' id='line_1_41' title="bbox 523 3468 1586 3539; baseline 0.01 -22"><span class='ocrx_word' id='word_1_200' title='bbox 523 3468 661 3517; x_wconf 85' lang='lat' dir='ltr'>letus</span> <span class='ocrx_word' id='word_1_201' title='bbox 692 3481 799 3531; x_wconf 80' lang='lat' dir='ltr'>prae</span> <span class='ocrx_word' id='word_1_202' title='bbox 821 3469 934 3517; x_wconf 88' lang='lat' dir='ltr'>aliis</span> <span class='ocrx_word' id='word_1_203' title='bbox 966 3470 1134 3520; x_wconf 88' lang='lat' dir='ltr'>forma</span> <span class='ocrx_word' id='word_1_204' title='bbox 1153 3480 1208 3522; x_wconf 88' lang='lat' dir='ltr'>et</span> <span class='ocrx_word' id='word_1_205' title='bbox 1229 3478 1586 3539; x_wconf 79' lang='lat' dir='ltr'>magnitudine</span> 
     </span>
     <span class='ocr_line' id='line_1_42' title="bbox 526 3542 1587 3607; baseline 0.01 -17"><span class='ocrx_word' id='word_1_206' title='bbox 526 3542 809 3603; x_wconf 83' lang='lat' dir='ltr'>eminebat,</span> <span class='ocrx_word' id='word_1_207' title='bbox 830 3549 964 3593; x_wconf 80' lang='lat' dir='ltr'>teste</span> <span class='ocrx_word' id='word_1_208' title='bbox 997 3546 1196 3607; x_wconf 88' lang='lat' dir='ltr'>Dione;</span> <span class='ocrx_word' id='word_1_209' title='bbox 1230 3550 1321 3598; x_wconf 86' lang='lat' dir='ltr'>sed</span> <span class='ocrx_word' id='word_1_210' title='bbox 1354 3551 1587 3601; x_wconf 87' lang='lat' dir='ltr'>immedi-</span> 
     </span>
     <span class='ocr_line' id='line_1_43' title="bbox 526 3618 1587 3687; baseline 0.011 -23"><span class='ocrx_word' id='word_1_211' title='bbox 526 3623 670 3666; x_wconf 80' lang='lat' dir='ltr'>catos</span> <span class='ocrx_word' id='word_1_212' title='bbox 703 3618 850 3679; x_wconf 88' lang='lat' dir='ltr'>alios,</span> <span class='ocrx_word' id='word_1_213' title='bbox 883 3618 949 3668; x_wconf 92' lang='lat' dir='ltr'>de</span> <span class='ocrx_word' id='word_1_214' title='bbox 989 3621 1177 3684; x_wconf 86' lang='lat' dir='ltr'>quibus</span> <span class='ocrx_word' id='word_1_215' title='bbox 1214 3622 1506 3687; x_wconf 84' lang='lat' dir='ltr'>Agrippina</span> <span class='ocrx_word' id='word_1_216' title='bbox 1529 3634 1587 3677; x_wconf 87' lang='lat' dir='ltr'>et</span> 
     </span>
     <span class='ocr_line' id='line_1_44' title="bbox 526 3691 1586 3756; baseline 0.012 -18"><span class='ocrx_word' id='word_1_217' title='bbox 526 3691 616 3741; x_wconf 75' lang='lat' dir='ltr'>alit</span> <span class='ocrx_word' id='word_1_218' title='bbox 667 3693 1017 3756; x_wconf 82' lang='lat' dir='ltr'>comederunt,</span> <span class='ocrx_word' id='word_1_219' title='bbox 1070 3696 1205 3745; x_wconf 82' lang='lat' dir='ltr'>haud</span> <span class='ocrx_word' id='word_1_220' title='bbox 1277 3699 1586 3751; x_wconf 85' lang='lat' dir='ltr'>advertente</span> 
     </span>
     <span class='ocr_line' id='line_1_45' title="bbox 525 3765 1587 3832; baseline 0.01 -18"><span class='ocrx_word' id='word_1_221' title='bbox 525 3765 762 3823; x_wconf 82' lang='lat' dir='ltr'>Claudio,</span> <span class='ocrx_word' id='word_1_222' title='bbox 805 3769 1059 3832; x_wconf 81' lang='lat' dir='ltr'>socordia,</span> <span class='ocrx_word' id='word_1_223' title='bbox 1092 3767 1318 3820; x_wconf 79' lang='lat' dir='ltr'>vel&#39;cibi</span> <span class='ocrx_word' id='word_1_224' title='bbox 1358 3774 1587 3825; x_wconf 85' lang='lat' dir='ltr'>delecta·</span> 
     </span>
     <span class='ocr_line' id='line_1_46' title="bbox 523 3838 1176 3897; baseline 0.009 -7"><span class='ocrx_word' id='word_1_225' title='bbox 523 3838 641 3890; x_wconf 77' lang='lat' dir='ltr'>bilis</span> <span class='ocrx_word' id='word_1_226' title='bbox 664 3841 939 3892; x_wconf 83' lang='lat' dir='ltr'>dulcedine</span> <span class='ocrx_word' id='word_1_227' title='bbox 962 3845 1176 3897; x_wconf 81' lang='lat' dir='ltr'>avidior.</span> 
     </span>
    </p>

    <p class='ocr_par' dir='ltr' id='par_1_8' title="bbox 521 3914 1586 4292">
     <span class='ocr_line' id='line_1_47' title="bbox 577 3914 1584 3977; baseline 0.016 -16"><span class='ocrx_word' id='word_1_228' title='bbox 577 3914 748 3964; x_wconf 78' lang='lat' dir='ltr'>Patet</span> <span class='ocrx_word' id='word_1_229' title='bbox 783 3917 939 3965; x_wconf 86' lang='lat' dir='ltr'>etiam</span> <span class='ocrx_word' id='word_1_230' title='bbox 963 3932 1028 3966; x_wconf 84' lang='lat' dir='ltr'>ex</span> <span class='ocrx_word' id='word_1_231' title='bbox 1051 3920 1131 3969; x_wconf 88' lang='lat' dir='ltr'>his</span> <span class='ocrx_word' id='word_1_232' title='bbox 1152 3922 1276 3971; x_wconf 79' lang='lat' dir='ltr'>Tac.</span> <span class='ocrx_word' id='word_1_233' title='bbox 1303 3927 1318 3952; x_wconf 88' lang='lat'>‘</span> <span class='ocrx_word' id='word_1_234' title='bbox 1342 3925 1458 3975; x_wconf 89' lang='lat' dir='ltr'>Nec</span> <span class='ocrx_word' id='word_1_235' title='bbox 1479 3927 1584 3977; x_wconf 82' lang='lat' dir='ltr'>vim</span> 
     </span>
     <span class='ocr_line' id='line_1_48' title="bbox 521 3989 1585 4061; baseline 0.013 -24"><span class='ocrx_word' id='word_1_236' title='bbox 521 3989 876 4043; x_wconf 82' lang='lat' dir='ltr'>medicaminis</span> <span class='ocrx_word' id='word_1_237' title='bbox 911 3994 1089 4042; x_wconf 88' lang='lat' dir='ltr'>statim</span> <span class='ocrx_word' id='word_1_238' title='bbox 1129 3995 1466 4061; x_wconf 83' lang='lat' dir='ltr'>intellectam,</span> <span class='ocrx_word' id='word_1_239' title='bbox 1506 4017 1585 4051; x_wconf 89' lang='lat' dir='ltr'>so-</span> 
     </span>
     <span class='ocr_line' id='line_1_49' title="bbox 524 4066 1583 4138; baseline 0.015 -26"><span class='ocrx_word' id='word_1_240' title='bbox 524 4066 766 4118; x_wconf 77' lang='lat' dir='ltr'>cordiane</span> <span class='ocrx_word' id='word_1_241' title='bbox 791 4066 1011 4128; x_wconf 84' lang='lat' dir='ltr'>Claudii,</span> <span class='ocrx_word' id='word_1_242' title='bbox 1056 4084 1119 4118; x_wconf 90' lang='lat' dir='ltr'>an</span> <span class='ocrx_word' id='word_1_243' title='bbox 1144 4073 1461 4138; x_wconf 85' lang='lat' dir='ltr'>vinolentia,’</span> <span class='ocrx_word' id='word_1_244' title='bbox 1483 4081 1583 4128; x_wconf 74' lang='lat' dir='ltr'>&amp;c-</span> 
     </span>
     <span class='ocr_line' id='line_1_50' title="bbox 522 4140 1586 4218; baseline 0.01 -28"><span class='ocrx_word' id='word_1_245' title='bbox 522 4140 599 4194; x_wconf 80' lang='lat' dir='ltr'>At</span> <span class='ocrx_word' id='word_1_246' title='bbox 637 4149 784 4195; x_wconf 82' lang='lat' dir='ltr'>certe</span> <span class='ocrx_word' id='word_1_247' title='bbox 823 4146 867 4193; x_wconf 90' lang='lat' dir='ltr'>si</span> <span class='ocrx_word' id='word_1_248' title='bbox 908 4159 1047 4207; x_wconf 74' lang='lat' dir='ltr'>oeger</span> <span class='ocrx_word' id='word_1_249' title='bbox 1090 4144 1273 4198; x_wconf 84' lang='lat' dir='ltr'>fuisset</span> <span class='ocrx_word' id='word_1_250' title='bbox 1319 4150 1586 4218; x_wconf 84' lang='lat' dir='ltr'>Claudius,</span> 
     </span>
     <span class='ocr_line' id='line_1_51' title="bbox 521 4216 1584 4292; baseline 0.006 -20"><span class='ocrx_word' id='word_1_251' title='bbox 521 4229 627 4272; x_wconf 70' lang='lat' dir='ltr'>unu</span> <span class='ocrx_word' id='word_1_252' title='bbox 648 4216 779 4269; x_wconf 78' lang='lat' dir='ltr'>adeo</span> <span class='ocrx_word' id='word_1_253' title='bbox 800 4218 921 4271; x_wconf 77' lang='lat' dir='ltr'>rino</span> <span class='ocrx_word' id='word_1_254' title='bbox 937 4219 1296 4292; x_wconf 82' lang='lat' dir='ltr'>incaluisset,</span> <span class='ocrx_word' id='word_1_255' title='bbox 1282 4239 1437 4281; x_wconf 78' lang='lat' dir='ltr'>immo</span> <span class='ocrx_word' id='word_1_256' title='bbox 1461 4228 1584 4285; x_wconf 80' lang='lat' dir='ltr'>vino</span> 
     </span>
    </p>
   </div>
   <div class='ocr_carea' id='block_1_6' title="bbox 1666 744 2797 3543">
    <p class='ocr_par' dir='ltr' id='par_1_9' title="bbox 1671 744 2793 1190">
     <span class='ocr_line' id='line_1_52' title="bbox 1671 744 2731 811; baseline -0.003 -13"><span class='ocrx_word' id='word_1_257' title='bbox 1671 746 1878 798; x_wconf 86' lang='lat' dir='ltr'>omnino</span> <span class='ocrx_word' id='word_1_258' title='bbox 1899 746 2162 798; x_wconf 87' lang='lat' dir='ltr'>abstinere</span> <span class='ocrx_word' id='word_1_259' title='bbox 2179 744 2381 798; x_wconf 78' lang='lat' dir='ltr'>debuit.</span> <span class='ocrx_word' id='word_1_260' title='bbox 2422 745 2596 811; x_wconf 66' lang='lat' dir='ltr'>Igitur</span> <span class='ocrx_word' id='word_1_261' title='bbox 2606 758 2731 797; x_wconf 60' lang='lat' dir='ltr'>mro</span> 
     </span>
     <span class='ocr_line' id='line_1_53' title="bbox 1671 824 2730 912; baseline 0.002 -38"><span class='ocrx_word' id='word_1_262' title='bbox 1671 831 1730 874; x_wconf 88' lang='lat' dir='ltr'>to</span> <span class='ocrx_word' id='word_1_263' title='bbox 1751 824 1946 875; x_wconf 89' lang='lat' dir='ltr'>certius</span> <span class='ocrx_word' id='word_1_264' title='bbox 1968 830 2068 888; x_wconf 89' lang='lat' dir='ltr'>est,</span> <span class='ocrx_word' id='word_1_265' title='bbox 2103 840 2272 890; x_wconf 87' lang='lat' dir='ltr'>neque</span> <span class='ocrx_word' id='word_1_266' title='bbox 2293 832 2423 874; x_wconf 76' lang='lat' dir='ltr'>tuuc</span> <span class='ocrx_word' id='word_1_267' title='bbox 2450 831 2730 912; x_wconf 54' lang='lat' dir='ltr'>appiane</span> 
     </span>
     <span class='ocr_line' id='line_1_54' title="bbox 1673 899 2732 965; baseline 0.002 -17"><span class='ocrx_word' id='word_1_268' title='bbox 1673 899 1965 961; x_wconf 89' lang='lat' dir='ltr'>Claudium,</span> <span class='ocrx_word' id='word_1_269' title='bbox 2005 914 2173 965; x_wconf 90' lang='lat' dir='ltr'>neque</span> <span class='ocrx_word' id='word_1_270' title='bbox 2220 899 2511 952; x_wconf 80' lang='lat' dir='ltr'>Sinuessam</span> <span class='ocrx_word' id='word_1_271' title='bbox 2555 899 2732 960; x_wconf 68' lang='lat' dir='ltr'>ivisse,</span> 
     </span>
     <span class='ocr_line' id='line_1_55' title="bbox 1671 974 2738 1044; baseline 0 -20"><span class='ocrx_word' id='word_1_272' title='bbox 1671 974 1766 1025; x_wconf 85' lang='lat' dir='ltr'>sed</span> <span class='ocrx_word' id='word_1_273' title='bbox 1805 975 1967 1024; x_wconf 87' lang='lat' dir='ltr'>solum</span> <span class='ocrx_word' id='word_1_274' title='bbox 2011 976 2350 1035; x_wconf 81' lang='lat' dir='ltr'>Narcissum,</span> <span class='ocrx_word' id='word_1_275' title='bbox 2389 990 2488 1044; x_wconf 83' lang='lat' dir='ltr'>quo</span> <span class='ocrx_word' id='word_1_276' title='bbox 2534 982 2738 1038; x_wconf 69' lang='lat' dir='ltr'>asnnto,</span> 
     </span>
     <span class='ocr_line' id='line_1_56' title="bbox 1671 1045 2793 1137; baseline 0.002 -38"><span class='ocrx_word' id='word_1_277' title='bbox 1671 1051 1849 1100; x_wconf 84' lang='lat' dir='ltr'>statim</span> <span class='ocrx_word' id='word_1_278' title='bbox 1890 1064 2145 1101; x_wconf 82' lang='lat' dir='ltr'>venenum</span> <span class='ocrx_word' id='word_1_279' title='bbox 2185 1052 2395 1137; x_wconf 76' lang='lat' dir='ltr'>paravit</span> <span class='ocrx_word' id='word_1_280' title='bbox 2431 1057 2487 1106; x_wconf 77' lang='lat' dir='ltr'>et</span> <span class='ocrx_word' id='word_1_281' title='bbox 2528 1050 2733 1113; x_wconf 65' lang='lat' dir='ltr'>miscui-t</span> <span class='ocrx_word' id='word_1_282' title='bbox 2790 1045 2793 1048; x_wconf 53' lang='grc'>“</span> 
     </span>
     <span class='ocr_line' id='line_1_57' title="bbox 1672 1126 2731 1190; baseline 0 -16"><span class='ocrx_word' id='word_1_283' title='bbox 1672 1126 1987 1190; x_wconf 82' lang='lat' dir='ltr'>Agrippina,</span> <span class='ocrx_word' id='word_1_284' title='bbox 2005 1140 2107 1190; x_wconf 88' lang='lat' dir='ltr'>qno</span> <span class='ocrx_word' id='word_1_285' title='bbox 2126 1126 2411 1190; x_wconf 83' lang='lat' dir='ltr'>principem</span> <span class='ocrx_word' id='word_1_286' title='bbox 2434 1127 2731 1178; x_wconf 48' lang='lat' dir='ltr'>tollerem-„z⁸</span> 
     </span>
    </p>

    <p class='ocr_par' dir='ltr' id='par_1_10' title="bbox 1668 1200 2736 2021">
     <span class='ocr_line' id='line_1_58' title="bbox 1735 1200 2733 1263; baseline 0 -13"><span class='ocrx_word' id='word_1_287' title='bbox 1735 1201 1806 1250; x_wconf 90' lang='lat' dir='ltr'>Et</span> <span class='ocrx_word' id='word_1_288' title='bbox 1837 1208 1982 1249; x_wconf 83' lang='lat' dir='ltr'>certe</span> <span class='ocrx_word' id='word_1_289' title='bbox 2005 1208 2183 1263; x_wconf 83' lang='lat' dir='ltr'>postea</span> <span class='ocrx_word' id='word_1_290' title='bbox 2205 1201 2367 1250; x_wconf 86' lang='lat' dir='ltr'>altum</span> <span class='ocrx_word' id='word_1_291' title='bbox 2388 1201 2458 1250; x_wconf 90' lang='lat' dir='ltr'>de</span> <span class='ocrx_word' id='word_1_292' title='bbox 2483 1200 2733 1251; x_wconf 76' lang='lat' dir='ltr'>Narcisso</span> 
     </span>
     <span class='ocr_line' id='line_1_59' title="bbox 1672 1273 2735 1338; baseline -0.001 -13"><span class='ocrx_word' id='word_1_293' title='bbox 1672 1275 1933 1325; x_wconf 84' lang='lat' dir='ltr'>silentium</span> <span class='ocrx_word' id='word_1_294' title='bbox 1966 1275 2168 1335; x_wconf 84' lang='lat' dir='ltr'>Tacito,</span> <span class='ocrx_word' id='word_1_295' title='bbox 2189 1290 2286 1324; x_wconf 89' lang='lat' dir='ltr'>nec</span> <span class='ocrx_word' id='word_1_296' title='bbox 2308 1275 2528 1338; x_wconf 81' lang='lat' dir='ltr'>amplius</span> <span class='ocrx_word' id='word_1_297' title='bbox 2549 1274 2643 1332; x_wconf 74' lang='lat' dir='ltr'>ille</span> <span class='ocrx_word' id='word_1_298' title='bbox 2670 1273 2735 1324; x_wconf 67' lang='lat' dir='ltr'>i·</span> 
     </span>
     <span class='ocr_line' id='line_1_60' title="bbox 1668 1348 2735 1414; baseline 0.002 -14"><span class='ocrx_word' id='word_1_299' title='bbox 1668 1364 1873 1400; x_wconf 82' lang='lat' dir='ltr'>scenam</span> <span class='ocrx_word' id='word_1_300' title='bbox 1897 1352 2115 1400; x_wconf 84' lang='lat' dir='ltr'>aulicam</span> <span class='ocrx_word' id='word_1_301' title='bbox 2137 1350 2329 1414; x_wconf 85' lang='lat' dir='ltr'>prodit,</span> <span class='ocrx_word' id='word_1_302' title='bbox 2348 1351 2449 1400; x_wconf 86' lang='lat' dir='ltr'>nisi</span> <span class='ocrx_word' id='word_1_303' title='bbox 2463 1364 2587 1400; x_wconf 80' lang='lat' dir='ltr'>cum</span> <span class='ocrx_word' id='word_1_304' title='bbox 2600 1348 2735 1402; x_wconf 63' lang='lat' dir='ltr'>noxi</span> 
     </span>
     <span class='ocr_line' id='line_1_61' title="bbox 1672 1425 2730 1490; baseline 0.002 -16"><span class='ocrx_word' id='word_1_305' title='bbox 1672 1425 1899 1489; x_wconf 80' lang='lat' dir='ltr'>adigitur</span> <span class='ocrx_word' id='word_1_306' title='bbox 1913 1426 2053 1490; x_wconf 90' lang='lat' dir='ltr'>apud</span> <span class='ocrx_word' id='word_1_307' title='bbox 2074 1427 2389 1486; x_wconf 85' lang='lat' dir='ltr'>Sinuessam,</span> <span class='ocrx_word' id='word_1_308' title='bbox 2402 1440 2504 1490; x_wconf 84' lang='lat' dir='ltr'>quo</span> <span class='ocrx_word' id='word_1_309' title='bbox 2524 1426 2730 1476; x_wconf 76' lang='lat' dir='ltr'>absces-</span> 
     </span>
     <span class='ocr_line' id='line_1_62' title="bbox 1673 1499 2732 1565; baseline 0.002 -14"><span class='ocrx_word' id='word_1_310' title='bbox 1673 1508 1834 1561; x_wconf 85' lang='lat' dir='ltr'>serat,</span> <span class='ocrx_word' id='word_1_311' title='bbox 1877 1502 1943 1550; x_wconf 83' lang='lat' dir='ltr'>ab</span> <span class='ocrx_word' id='word_1_312' title='bbox 1969 1501 2276 1565; x_wconf 80' lang='lat' dir='ltr'>Agrippina.</span> <span class='ocrx_word' id='word_1_313' title='bbox 2344 1502 2415 1551; x_wconf 86' lang='lat' dir='ltr'>Et</span> <span class='ocrx_word' id='word_1_314' title='bbox 2451 1508 2599 1552; x_wconf 84' lang='lat' dir='ltr'>certe</span> <span class='ocrx_word' id='word_1_315' title='bbox 2630 1499 2732 1554; x_wconf 70' lang='lat' dir='ltr'>sisi</span> 
     </span>
     <span class='ocr_line' id='line_1_63' title="bbox 1673 1575 2735 1642; baseline -0.002 -15"><span class='ocrx_word' id='word_1_316' title='bbox 1673 1575 1938 1640; x_wconf 82' lang='lat' dir='ltr'>abfuisset,</span> <span class='ocrx_word' id='word_1_317' title='bbox 1959 1579 2006 1628; x_wconf 87' lang='lat' dir='ltr'>si</span> <span class='ocrx_word' id='word_1_318' title='bbox 2025 1592 2254 1640; x_wconf 77' lang='lat' dir='ltr'>praesens</span> <span class='ocrx_word' id='word_1_319' title='bbox 2286 1578 2348 1642; x_wconf 19' lang='lat' dir='ltr'>iu,</span> <span class='ocrx_word' id='word_1_320' title='bbox 2370 1579 2489 1626; x_wconf 79' lang='lat' dir='ltr'>aula</span> <span class='ocrx_word' id='word_1_321' title='bbox 2511 1576 2735 1638; x_wconf 76' lang='lat' dir='ltr'>adesset,</span> 
     </span>
     <span class='ocr_line' id='line_1_64' title="bbox 1674 1652 2733 1708; baseline 0.003 -7"><span class='ocrx_word' id='word_1_322' title='bbox 1674 1667 1798 1708; x_wconf 85' lang='lat' dir='ltr'>num</span> <span class='ocrx_word' id='word_1_323' title='bbox 1814 1666 1871 1701; x_wconf 88' lang='lat' dir='ltr'>se</span> <span class='ocrx_word' id='word_1_324' title='bbox 1889 1653 2250 1702; x_wconf 81' lang='lat' dir='ltr'>immiscuisset</span> <span class='ocrx_word' id='word_1_325' title='bbox 2276 1653 2561 1702; x_wconf 80' lang='lat' dir='ltr'>valetudini</span> <span class='ocrx_word' id='word_1_326' title='bbox 2576 1652 2733 1704; x_wconf 63' lang='lat' dir='ltr'>msa,</span> 
     </span>
     <span class='ocr_line' id='line_1_65' title="bbox 1674 1728 2735 1791; baseline 0 -13"><span class='ocrx_word' id='word_1_327' title='bbox 1674 1729 1781 1778; x_wconf 85' lang='lat' dir='ltr'>dii?</span> <span class='ocrx_word' id='word_1_328' title='bbox 1813 1743 1934 1777; x_wconf 90' lang='lat' dir='ltr'>num</span> <span class='ocrx_word' id='word_1_329' title='bbox 1973 1728 2112 1791; x_wconf 88' lang='lat' dir='ltr'>ipsos</span> <span class='ocrx_word' id='word_1_330' title='bbox 2148 1729 2377 1777; x_wconf 80' lang='lat' dir='ltr'>medicos</span> <span class='ocrx_word' id='word_1_331' title='bbox 2412 1728 2609 1779; x_wconf 68' lang='lat' dir='ltr'>acriter</span> <span class='ocrx_word' id='word_1_332' title='bbox 2642 1742 2735 1778; x_wconf 66' lang='lat' dir='ltr'>ex-</span> 
     </span>
     <span class='ocr_line' id='line_1_66' title="bbox 1676 1800 2734 1870; baseline 0.003 -17"><span class='ocrx_word' id='word_1_333' title='bbox 1676 1807 1950 1868; x_wconf 83' lang='lat' dir='ltr'>plorasset,</span> <span class='ocrx_word' id='word_1_334' title='bbox 1970 1811 2025 1853; x_wconf 91' lang='lat' dir='ltr'>et</span> <span class='ocrx_word' id='word_1_335' title='bbox 2057 1805 2331 1867; x_wconf 88' lang='lat' dir='ltr'>ipsammet</span> <span class='ocrx_word' id='word_1_336' title='bbox 2335 1800 2734 1870; x_wconf 65' lang='lat' dir='ltr'>Agrippinami</span> 
     </span>
     <span class='ocr_line' id='line_1_67' title="bbox 1674 1879 2736 1931; baseline -0.002 0"><span class='ocrx_word' id='word_1_337' title='bbox 1674 1882 1833 1931; x_wconf 88' lang='lat' dir='ltr'>Haud</span> <span class='ocrx_word' id='word_1_338' title='bbox 1848 1880 2007 1930; x_wconf 85' lang='lat' dir='ltr'>dubie</span> <span class='ocrx_word' id='word_1_339' title='bbox 2024 1880 2270 1931; x_wconf 83' lang='lat' dir='ltr'>continuo</span> <span class='ocrx_word' id='word_1_340' title='bbox 2292 1880 2568 1930; x_wconf 72' lang='lat' dir='ltr'>assedisset</span> <span class='ocrx_word' id='word_1_341' title='bbox 2580 1879 2736 1930; x_wconf 74' lang='lat' dir='ltr'>liber-</span> 
     </span>
     <span class='ocr_line' id='line_1_68' title="bbox 1673 1957 2320 2021; baseline -0.005 -13"><span class='ocrx_word' id='word_1_342' title='bbox 1673 1966 1757 2008; x_wconf 80' lang='lat' dir='ltr'>tus</span> <span class='ocrx_word' id='word_1_343' title='bbox 1781 1960 2055 2021; x_wconf 66' lang='lat' dir='ltr'>aegrotanti</span> <span class='ocrx_word' id='word_1_344' title='bbox 2082 1957 2320 2020; x_wconf 84' lang='lat' dir='ltr'>principi.</span> 
     </span>
    </p>

    <p class='ocr_par' dir='ltr' id='par_1_11' title="bbox 1666 2033 2797 3543">
     <span class='ocr_line' id='line_1_69' title="bbox 1738 2033 2735 2099; baseline -0.002 -13"><span class='ocrx_word' id='word_1_345' title='bbox 1738 2037 1815 2087; x_wconf 90' lang='lat' dir='ltr'>Ut</span> <span class='ocrx_word' id='word_1_346' title='bbox 1830 2050 1915 2085; x_wconf 87' lang='lat' dir='ltr'>res</span> <span class='ocrx_word' id='word_1_347' title='bbox 1932 2036 2070 2084; x_wconf 83' lang='lat' dir='ltr'>clare</span> <span class='ocrx_word' id='word_1_348' title='bbox 2088 2040 2284 2099; x_wconf 86' lang='lat' dir='ltr'>pateat,</span> <span class='ocrx_word' id='word_1_349' title='bbox 2295 2034 2590 2087; x_wconf 69' lang='lat' dir='ltr'>andiendus</span> <span class='ocrx_word' id='word_1_350' title='bbox 2592 2033 2735 2085; x_wconf 67' lang='lat' dir='ltr'>Dios</span> 
     </span>
     <span class='ocr_line' id='line_1_70' title="bbox 1675 2113 2736 2178; baseline -0.001 -14"><span class='ocrx_word' id='word_1_351' title='bbox 1675 2115 1691 2143; x_wconf 80' lang='lat'>⁸</span> <span class='ocrx_word' id='word_1_352' title='bbox 1705 2114 1949 2164; x_wconf 83' lang='lat' dir='ltr'>Claudius</span> <span class='ocrx_word' id='word_1_353' title='bbox 1961 2113 2264 2178; x_wconf 70' lang='lat' dir='ltr'>Agrippinae</span> <span class='ocrx_word' id='word_1_354' title='bbox 2288 2113 2577 2163; x_wconf 77' lang='lat' dir='ltr'>actionibus</span> <span class='ocrx_word' id='word_1_355' title='bbox 2579 2128 2736 2178; x_wconf 73' lang='lat' dir='ltr'>,quas</span> 
     </span>
     <span class='ocr_line' id='line_1_71' title="bbox 1673 2188 2739 2257; baseline -0.001 -16"><span class='ocrx_word' id='word_1_356' title='bbox 1673 2191 1882 2257; x_wconf 87' lang='lat' dir='ltr'>quidem</span> <span class='ocrx_word' id='word_1_357' title='bbox 1893 2190 2271 2253; x_wconf 77' lang='lat' dir='ltr'>comperisset,</span> <span class='ocrx_word' id='word_1_358' title='bbox 2248 2205 2358 2254; x_wconf 83' lang='lat' dir='ltr'>Jam</span> <span class='ocrx_word' id='word_1_359' title='bbox 2375 2188 2624 2254; x_wconf 73' lang='lat' dir='ltr'>infensus,</span> <span class='ocrx_word' id='word_1_360' title='bbox 2638 2188 2739 2240; x_wconf 70' lang='lat' dir='ltr'>au-</span> 
     </span>
     <span class='ocr_line' id='line_1_72' title="bbox 1674 2266 2736 2332; baseline -0.003 -15"><span class='ocrx_word' id='word_1_361' title='bbox 1674 2282 1862 2332; x_wconf 87' lang='lat' dir='ltr'>umque</span> <span class='ocrx_word' id='word_1_362' title='bbox 1888 2281 2037 2315; x_wconf 87' lang='lat' dir='ltr'>suum</span> <span class='ocrx_word' id='word_1_363' title='bbox 2067 2267 2331 2331; x_wconf 83' lang='lat' dir='ltr'>requirens</span> <span class='ocrx_word' id='word_1_364' title='bbox 2355 2266 2736 2331; x_wconf 74' lang='lat' dir='ltr'>Britannicum,</span> 
     </span>
     <span class='ocr_line' id='line_1_73' title="bbox 1674 2341 2735 2408; baseline 0 -15"><span class='ocrx_word' id='word_1_365' title='bbox 1674 2358 1829 2408; x_wconf 88' lang='lat' dir='ltr'>quem</span> <span class='ocrx_word' id='word_1_366' title='bbox 1846 2343 1962 2406; x_wconf 86' lang='lat' dir='ltr'>ipsa</span> <span class='ocrx_word' id='word_1_367' title='bbox 1977 2343 2216 2393; x_wconf 86' lang='lat' dir='ltr'>consulto</span> <span class='ocrx_word' id='word_1_368' title='bbox 2224 2343 2534 2407; x_wconf 84' lang='lat' dir='ltr'>plerumque</span> <span class='ocrx_word' id='word_1_369' title='bbox 2552 2341 2735 2406; x_wconf 69' lang='lat' dir='ltr'>aspec-</span> 
     </span>
     <span class='ocr_line' id='line_1_74' title="bbox 1674 2417 2734 2481; baseline -0.001 -11"><span class='ocrx_word' id='word_1_370' title='bbox 1674 2420 1754 2471; x_wconf 87' lang='lat' dir='ltr'>tui</span> <span class='ocrx_word' id='word_1_371' title='bbox 1776 2418 2245 2481; x_wconf 85' lang='lat' dir='ltr'>subducebat,cum</span> <span class='ocrx_word' id='word_1_372' title='bbox 2270 2417 2487 2479; x_wconf 83' lang='lat' dir='ltr'>Neroni,</span> <span class='ocrx_word' id='word_1_373' title='bbox 2509 2417 2621 2468; x_wconf 79' lang='lat' dir='ltr'>lilio</span> <span class='ocrx_word' id='word_1_374' title='bbox 2631 2431 2734 2469; x_wconf 57' lang='lat' dir='ltr'>vsuso</span> 
     </span>
     <span class='ocr_line' id='line_1_75' title="bbox 1674 2494 2734 2560; baseline -0.001 -14"><span class='ocrx_word' id='word_1_375' title='bbox 1674 2511 1742 2546; x_wconf 78' lang='lat' dir='ltr'>ex</span> <span class='ocrx_word' id='word_1_376' title='bbox 1767 2497 1924 2560; x_wconf 85' lang='lat' dir='ltr'>priori</span> <span class='ocrx_word' id='word_1_377' title='bbox 1945 2495 2127 2544; x_wconf 75' lang='lat' dir='ltr'>ruarito</span> <span class='ocrx_word' id='word_1_378' title='bbox 2150 2494 2400 2555; x_wconf 76' lang='lat' dir='ltr'>Domitio,</span> <span class='ocrx_word' id='word_1_379' title='bbox 2420 2495 2561 2545; x_wconf 84' lang='lat' dir='ltr'>omni</span> <span class='ocrx_word' id='word_1_380' title='bbox 2570 2495 2734 2545; x_wconf 68' lang='lat' dir='ltr'>mdo</span> 
     </span>
     <span class='ocr_line' id='line_1_76' title="bbox 1672 2569 2733 2635; baseline 0.003 -16"><span class='ocrx_word' id='word_1_381' title='bbox 1672 2571 1942 2635; x_wconf 79' lang='lat' dir='ltr'>imperium</span> <span class='ocrx_word' id='word_1_382' title='bbox 1977 2577 2211 2635; x_wconf 83' lang='lat' dir='ltr'>pararet,</span> <span class='ocrx_word' id='word_1_383' title='bbox 2245 2584 2347 2621; x_wconf 78' lang='lat' dir='ltr'>nec</span> <span class='ocrx_word' id='word_1_384' title='bbox 2378 2569 2551 2621; x_wconf 81' lang='lat' dir='ltr'>ferens</span> <span class='ocrx_word' id='word_1_385' title='bbox 2574 2571 2733 2622; x_wconf 12' lang='lat' dir='ltr'>,modo</span> 
     </span>
     <span class='ocr_line' id='line_1_77' title="bbox 1672 2644 2738 2712; baseline 0.003 -17"><span class='ocrx_word' id='word_1_386' title='bbox 1672 2662 1788 2711; x_wconf 82' lang='lat' dir='ltr'>quae</span> <span class='ocrx_word' id='word_1_387' title='bbox 1807 2646 2296 2708; x_wconf 80' lang='lat' dir='ltr'>fiebant,Claudins‚</span> <span class='ocrx_word' id='word_1_388' title='bbox 2314 2648 2527 2697; x_wconf 78' lang='lat' dir='ltr'>consilia</span> <span class='ocrx_word' id='word_1_389' title='bbox 2546 2644 2738 2712; x_wconf 63' lang='lat' dir='ltr'>Agrip·</span> 
     </span>
     <span class='ocr_line' id='line_1_78' title="bbox 1672 2721 2785 2810; baseline 0.003 -39"><span class='ocrx_word' id='word_1_390' title='bbox 1672 2724 1809 2787; x_wconf 82' lang='lat' dir='ltr'>piuae</span> <span class='ocrx_word' id='word_1_391' title='bbox 1855 2723 2222 2810; x_wconf 76' lang='lat' dir='ltr'>deprimendas,</span> <span class='ocrx_word' id='word_1_392' title='bbox 2268 2721 2535 2787; x_wconf 85' lang='lat' dir='ltr'>filiumque</span> <span class='ocrx_word' id='word_1_393' title='bbox 2582 2736 2733 2774; x_wconf 71' lang='lat' dir='ltr'>sunus</span> <span class='ocrx_word' id='word_1_394' title='bbox 2781 2783 2785 2787; x_wconf 40' lang='grc'><strong>,</strong></span> 
     </span>
     <span class='ocr_line' id='line_1_79' title="bbox 1671 2786 2738 2862; baseline 0.002 -15"><span class='ocrx_word' id='word_1_395' title='bbox 1671 2811 2023 2847; x_wconf 86' lang='lat' dir='ltr'>successorem</span> <span class='ocrx_word' id='word_1_396' title='bbox 2063 2798 2268 2860; x_wconf 88' lang='lat' dir='ltr'>imperii</span> <span class='ocrx_word' id='word_1_397' title='bbox 2303 2799 2613 2862; x_wconf 56' lang='lat' dir='ltr'>reliquenda,</span> <span class='ocrx_word' id='word_1_398' title='bbox 2654 2786 2738 2849; x_wconf 63' lang='lat' dir='ltr'>ra}-</span> 
     </span>
     <span class='ocr_line' id='line_1_80' title="bbox 1672 2872 2797 2940; baseline 0.003 -18"><span class='ocrx_word' id='word_1_399' title='bbox 1672 2873 1842 2925; x_wconf 88' lang='lat' dir='ltr'>tioues</span> <span class='ocrx_word' id='word_1_400' title='bbox 1881 2873 2134 2937; x_wconf 81' lang='lat' dir='ltr'>agitabat.</span> <span class='ocrx_word' id='word_1_401' title='bbox 2199 2874 2355 2925; x_wconf 78' lang='lat' dir='ltr'>Quod</span> <span class='ocrx_word' id='word_1_402' title='bbox 2392 2889 2455 2923; x_wconf 88' lang='lat' dir='ltr'>ea</span> <span class='ocrx_word' id='word_1_403' title='bbox 2487 2874 2736 2940; x_wconf 67' lang='lat' dir='ltr'>sentietur,</span> <span class='ocrx_word' id='word_1_404' title='bbox 2784 2872 2797 2883; x_wconf 70' lang='lat'>⁸</span> 
     </span>
     <span class='ocr_line' id='line_1_81' title="bbox 1669 2950 2735 3013; baseline 0.004 -17"><span class='ocrx_word' id='word_1_405' title='bbox 1669 2955 1918 3013; x_wconf 87' lang='lat' dir='ltr'>metuque</span> <span class='ocrx_word' id='word_1_406' title='bbox 1963 2950 2218 3012; x_wconf 88' lang='lat' dir='ltr'>perculsa,</span> <span class='ocrx_word' id='word_1_407' title='bbox 2265 2963 2464 2999; x_wconf 83' lang='lat' dir='ltr'>veneno</span> <span class='ocrx_word' id='word_1_408' title='bbox 2517 2950 2735 3005; x_wconf 61' lang='lat' dir='ltr'>consitis</span> 
     </span>
     <span class='ocr_line' id='line_1_82' title="bbox 1669 3023 2732 3090; baseline 0.003 -18"><span class='ocrx_word' id='word_1_409' title='bbox 1669 3023 1784 3085; x_wconf 85' lang='lat' dir='ltr'>ejus</span> <span class='ocrx_word' id='word_1_410' title='bbox 1807 3024 2093 3087; x_wconf 67' lang='lat' dir='ltr'>praevenire</span> <span class='ocrx_word' id='word_1_411' title='bbox 2115 3026 2318 3073; x_wconf 83' lang='lat' dir='ltr'>statuit.</span> <span class='ocrx_word' id='word_1_412' title='bbox 2387 3025 2457 3073; x_wconf 88' lang='lat' dir='ltr'>Et</span> <span class='ocrx_word' id='word_1_413' title='bbox 2491 3026 2732 3090; x_wconf 77' lang='lat' dir='ltr'>qnoniam</span> 
     </span>
     <span class='ocr_line' id='line_1_83' title="bbox 1669 3098 2732 3187; baseline 0.005 -40"><span class='ocrx_word' id='word_1_414' title='bbox 1669 3100 1844 3148; x_wconf 79' lang='lat' dir='ltr'>vinum</span> <span class='ocrx_word' id='word_1_415' title='bbox 1900 3098 2092 3162; x_wconf 82' lang='lat' dir='ltr'>largius</span> <span class='ocrx_word' id='word_1_416' title='bbox 2140 3113 2347 3163; x_wconf 86' lang='lat' dir='ltr'>semper</span> <span class='ocrx_word' id='word_1_417' title='bbox 2402 3098 2629 3187; x_wconf 66' lang='lat' dir='ltr'>biberet,</span> <span class='ocrx_word' id='word_1_418' title='bbox 2648 3114 2732 3151; x_wconf 63' lang='grc' dir='ltr'>ει</span> 
     </span>
     <span class='ocr_line' id='line_1_84' title="bbox 1670 3174 2732 3237; baseline 0.002 -13"><span class='ocrx_word' id='word_1_419' title='bbox 1670 3180 1851 3224; x_wconf 87' lang='lat' dir='ltr'>cetera</span> <span class='ocrx_word' id='word_1_420' title='bbox 1884 3174 2054 3223; x_wconf 81' lang='lat' dir='ltr'>victus</span> <span class='ocrx_word' id='word_1_421' title='bbox 2077 3175 2228 3237; x_wconf 87' lang='lat' dir='ltr'>ratio,</span> <span class='ocrx_word' id='word_1_422' title='bbox 2249 3187 2352 3237; x_wconf 83' lang='lat' dir='ltr'>qna</span> <span class='ocrx_word' id='word_1_423' title='bbox 2372 3174 2440 3225; x_wconf 87' lang='lat' dir='ltr'>sd</span> <span class='ocrx_word' id='word_1_424' title='bbox 2462 3176 2542 3224; x_wconf 87' lang='lat' dir='ltr'>sui</span> <span class='ocrx_word' id='word_1_425' title='bbox 2558 3182 2732 3233; x_wconf 65' lang='lat' dir='ltr'>cnsta-</span> 
     </span>
     <span class='ocr_line' id='line_1_85' title="bbox 1670 3249 2733 3312; baseline 0.005 -14"><span class='ocrx_word' id='word_1_426' title='bbox 1670 3249 1810 3301; x_wconf 86' lang='lat' dir='ltr'>diam</span> <span class='ocrx_word' id='word_1_427' title='bbox 1828 3250 2167 3312; x_wconf 85' lang='lat' dir='ltr'>imperatores</span> <span class='ocrx_word' id='word_1_428' title='bbox 2177 3256 2408 3310; x_wconf 81' lang='lat' dir='ltr'>utuntur,</span> <span class='ocrx_word' id='word_1_429' title='bbox 2430 3266 2492 3299; x_wconf 87' lang='lat' dir='ltr'>ue</span> <span class='ocrx_word' id='word_1_430' title='bbox 2513 3252 2733 3303; x_wconf 54' lang='lat' dir='ltr'>ledere-</span> 
     </span>
     <span class='ocr_line' id='line_1_86' title="bbox 1673 3325 2733 3389; baseline 0.004 -14"><span class='ocrx_word' id='word_1_431' title='bbox 1673 3332 1776 3385; x_wconf 89' lang='lat' dir='ltr'>tur,</span> <span class='ocrx_word' id='word_1_432' title='bbox 1800 3325 2061 3389; x_wconf 87' lang='lat' dir='ltr'>obstabat,</span> <span class='ocrx_word' id='word_1_433' title='bbox 2079 3327 2351 3375; x_wconf 84' lang='lat' dir='ltr'>Locustam</span> <span class='ocrx_word' id='word_1_434' title='bbox 2370 3325 2622 3377; x_wconf 73' lang='lat' dir='ltr'>famosam</span> <span class='ocrx_word' id='word_1_435' title='bbox 2642 3343 2733 3379; x_wconf 71' lang='lat' dir='ltr'>n·</span> 
     </span>
     <span class='ocr_line' id='line_1_87' title="bbox 1666 3400 2732 3465; baseline 0.004 -17"><span class='ocrx_word' id='word_1_436' title='bbox 1666 3400 1867 3449; x_wconf 81' lang='lat' dir='ltr'>neficiis</span> <span class='ocrx_word' id='word_1_437' title='bbox 1900 3401 2169 3450; x_wconf 87' lang='lat' dir='ltr'>mulierem</span> <span class='ocrx_word' id='word_1_438' title='bbox 2203 3401 2269 3450; x_wconf 86' lang='lat' dir='ltr'>ad</span> <span class='ocrx_word' id='word_1_439' title='bbox 2298 3416 2360 3452; x_wconf 85' lang='lat' dir='ltr'>se</span> <span class='ocrx_word' id='word_1_440' title='bbox 2391 3404 2732 3465; x_wconf 53' lang='lat' dir='ltr'>vocavitfve·</span> 
     </span>
     <span class='ocr_line' id='line_1_88' title="bbox 1666 3478 2732 3543; baseline 0.007 -17"><span class='ocrx_word' id='word_1_441' title='bbox 1666 3491 1958 3542; x_wconf 72' lang='lat' dir='ltr'>aeuumque</span> <span class='ocrx_word' id='word_1_442' title='bbox 1996 3478 2110 3543; x_wconf 89' lang='lat' dir='ltr'>ejus</span> <span class='ocrx_word' id='word_1_443' title='bbox 2157 3493 2317 3541; x_wconf 82' lang='lat' dir='ltr'>opera</span> <span class='ocrx_word' id='word_1_444' title='bbox 2349 3480 2732 3534; x_wconf 73' lang='lat' dir='ltr'>immedicabile</span> 
     </span>
    </p>
   </div>
   <div class='ocr_carea' id='block_1_7' title="bbox 1644 3553 2732 3620">
    <p class='ocr_par' dir='ltr' id='par_1_12' title="bbox 1644 3553 2732 3620">
     <span class='ocr_line' id='line_1_89' title="bbox 1644 3553 2732 3620; baseline 0.007 -21"><span class='ocrx_word' id='word_1_445' title='bbox 1644 3561 2015 3616; x_wconf 63' lang='lat' dir='ltr'>praeparatum</span> <span class='ocrx_word' id='word_1_446' title='bbox 2051 3554 2222 3603; x_wconf 86' lang='lat' dir='ltr'>boleto</span> <span class='ocrx_word' id='word_1_447' title='bbox 2255 3553 2474 3604; x_wconf 81' lang='lat' dir='ltr'>infudit:</span> <span class='ocrx_word' id='word_1_448' title='bbox 2510 3557 2732 3620; x_wconf 70' lang='lat' dir='ltr'>proinde</span> 
     </span>
    </p>
   </div>
   <div class='ocr_carea' id='block_1_8' title="bbox 1661 3629 2809 4320">
    <p class='ocr_par' dir='ltr' id='par_1_13' title="bbox 1661 3629 2809 4308">
     <span class='ocr_line' id='line_1_90' title="bbox 1665 3629 2734 3693; baseline 0.007 -17"><span class='ocrx_word' id='word_1_449' title='bbox 1665 3629 1779 3691; x_wconf 87' lang='lat' dir='ltr'>ipsa</span> <span class='ocrx_word' id='word_1_450' title='bbox 1819 3629 1883 3677; x_wconf 92' lang='lat' dir='ltr'>de</span> <span class='ocrx_word' id='word_1_451' title='bbox 1919 3631 2133 3693; x_wconf 86' lang='lat' dir='ltr'>reliquis</span> <span class='ocrx_word' id='word_1_452' title='bbox 2170 3632 2468 3692; x_wconf 86' lang='lat' dir='ltr'>comedens,</span> <span class='ocrx_word' id='word_1_453' title='bbox 2506 3632 2734 3683; x_wconf 72' lang='lat' dir='ltr'>medica-</span> 
     </span>
     <span class='ocr_line' id='line_1_91' title="bbox 1668 3705 2734 3762; baseline 0.011 -12"><span class='ocrx_word' id='word_1_454' title='bbox 1668 3710 1778 3751; x_wconf 89' lang='lat' dir='ltr'>tum</span> <span class='ocrx_word' id='word_1_455' title='bbox 1811 3705 2024 3754; x_wconf 86' lang='lat' dir='ltr'>Claudio</span> <span class='ocrx_word' id='word_1_456' title='bbox 2067 3708 2345 3757; x_wconf 87' lang='lat' dir='ltr'>maximum</span> <span class='ocrx_word' id='word_1_457' title='bbox 2380 3708 2651 3758; x_wconf 44' lang='lat' dir='ltr'>videlicet*</span> <span class='ocrx_word' id='word_1_458' title='bbox 2672 3715 2734 3762; x_wconf 76' lang='lat' dir='ltr'>et</span> 
     </span>
     <span class='ocr_line' id='line_1_92' title="bbox 1667 3777 2732 3841; baseline 0.012 -16"><span class='ocrx_word' id='word_1_459' title='bbox 1667 3777 2067 3841; x_wconf 87' lang='lat' dir='ltr'>pulcherrimum</span> <span class='ocrx_word' id='word_1_460' title='bbox 2120 3782 2531 3835; x_wconf 80' lang='lat' dir='ltr'>manducandam</span> <span class='ocrx_word' id='word_1_461' title='bbox 2588 3786 2732 3837; x_wconf 74' lang='lat' dir='ltr'>exhi-</span> 
     </span>
     <span class='ocr_line' id='line_1_93' title="bbox 1666 3852 2730 3920; baseline 0.009 -19"><span class='ocrx_word' id='word_1_462' title='bbox 1666 3852 1795 3902; x_wconf 88' lang='lat' dir='ltr'>buit.</span> <span class='ocrx_word' id='word_1_463' title='bbox 1863 3854 1982 3905; x_wconf 89' lang='lat' dir='ltr'>Hoc</span> <span class='ocrx_word' id='word_1_464' title='bbox 2025 3863 2183 3920; x_wconf 89' lang='lat' dir='ltr'>pacto</span> <span class='ocrx_word' id='word_1_465' title='bbox 2228 3858 2610 3911; x_wconf 82' lang='lat' dir='ltr'>circumventus</span> <span class='ocrx_word' id='word_1_466' title='bbox 2634 3860 2730 3911; x_wconf 62' lang='lat' dir='ltr'>im</span> 
     </span>
     <span class='ocr_line' id='line_1_94' title="bbox 1665 3929 2732 3998; baseline 0.01 -21"><span class='ocrx_word' id='word_1_467' title='bbox 1665 3929 1811 3978; x_wconf 89' lang='lat' dir='ltr'>sidiis</span> <span class='ocrx_word' id='word_1_468' title='bbox 1827 3930 1935 3993; x_wconf 87' lang='lat' dir='ltr'>ille,</span> <span class='ocrx_word' id='word_1_469' title='bbox 1947 3946 1978 3980; x_wconf 87' lang='lat' dir='ltr'>e</span> <span class='ocrx_word' id='word_1_470' title='bbox 1995 3934 2401 3998; x_wconf 74' lang='lat' dir='ltr'>convivio,quasi</span> <span class='ocrx_word' id='word_1_471' title='bbox 2421 3939 2732 3992; x_wconf 67' lang='lat' dir='ltr'>temulentia</span> 
     </span>
     <span class='ocr_line' id='line_1_95' title="bbox 1664 4009 2731 4077; baseline 0.009 -24"><span class='ocrx_word' id='word_1_472' title='bbox 1664 4019 1960 4070; x_wconf 88' lang='lat' dir='ltr'>oppressus,</span> <span class='ocrx_word' id='word_1_473' title='bbox 1980 4009 2146 4058; x_wconf 80' lang='lat' dir='ltr'>elatus</span> <span class='ocrx_word' id='word_1_474' title='bbox 2184 4017 2283 4069; x_wconf 80' lang='lat' dir='ltr'>est,</span> <span class='ocrx_word' id='word_1_475' title='bbox 2306 4013 2440 4077; x_wconf 83' lang='lat' dir='ltr'>quod</span> <span class='ocrx_word' id='word_1_476' title='bbox 2472 4019 2589 4062; x_wconf 86' lang='lat' dir='ltr'>erat</span> <span class='ocrx_word' id='word_1_477' title='bbox 2626 4012 2731 4077; x_wconf 80' lang='lat' dir='ltr'>ipsi</span> 
     </span>
     <span class='ocr_line' id='line_1_96' title="bbox 1664 4080 2731 4144; baseline 0.009 -14"><span class='ocrx_word' id='word_1_478' title='bbox 1664 4080 1760 4130; x_wconf 86' lang='lat' dir='ltr'>fre</span> <span class='ocrx_word' id='word_1_479' title='bbox 1749 4097 1942 4144; x_wconf 55' lang='lat' dir='ltr'>quens</span> <span class='ocrx_word' id='word_1_480' title='bbox 2000 4093 2160 4134; x_wconf 88' lang='lat' dir='ltr'>noctu</span> <span class='ocrx_word' id='word_1_481' title='bbox 2204 4092 2377 4135; x_wconf 81' lang='lat' dir='ltr'>autem</span> <span class='ocrx_word' id='word_1_482' title='bbox 2423 4091 2609 4139; x_wconf 82' lang='lat' dir='ltr'>amissa</span> <span class='ocrx_word' id='word_1_483' title='bbox 2650 4091 2731 4140; x_wconf 79' lang='lat' dir='ltr'>io·</span> 
     </span>
     <span class='ocr_line' id='line_1_97' title="bbox 1663 4158 2731 4235; baseline 0.009 -30"><span class='ocrx_word' id='word_1_484' title='bbox 1663 4158 1856 4222; x_wconf 70' lang='lat' dir='ltr'>quendi</span> <span class='ocrx_word' id='word_1_485' title='bbox 1893 4161 2243 4227; x_wconf 82' lang='lat' dir='ltr'>audiendique</span> <span class='ocrx_word' id='word_1_486' title='bbox 2277 4166 2414 4213; x_wconf 82' lang='lat' dir='ltr'>omni</span> <span class='ocrx_word' id='word_1_487' title='bbox 2450 4164 2731 4235; x_wconf 57' lang='lat' dir='ltr'>multare,</span> 
     </span>
     <span class='ocr_line' id='line_1_98' title="bbox 1661 4231 2809 4320; baseline 0.014 -36"><span class='ocrx_word' id='word_1_488' title='bbox 1661 4231 1799 4286; x_wconf 76' lang='lat' dir='ltr'>diem</span> <span class='ocrx_word' id='word_1_489' title='bbox 1814 4235 2000 4313; x_wconf 77' lang='lat' dir='ltr'>clausit</span> <span class='ocrx_word' id='word_1_490' title='bbox 2020 4237 2180 4291; x_wconf 75' lang='lat' dir='ltr'>tertie</span> <span class='ocrx_word' id='word_1_491' title='bbox 2218 4239 2345 4293; x_wconf 81' lang='lat' dir='ltr'>Idus</span> <span class='ocrx_word' id='word_1_492' title='bbox 2358 4239 2575 4293; x_wconf 62' lang='lat' dir='ltr'>Octob-⁴</span> <span class='ocrx_word' id='word_1_493' title='bbox 2540 4264 2575 4308; x_wconf 86' lang='lat'>.,·</span> <span class='ocrx_word' id='word_1_494' title='bbox 2597 4255 2731 4320; x_wconf 71' lang='lat' dir='ltr'>cum</span> <span class='ocrx_word' id='word_1_495' title='bbox 2804 4243 2809 4248; x_wconf 81' lang='grc'><em>’</em></span> 
     </span>
    </p>
   </div>
  </div>
 </body>
</html>
