3100 4925
1174 403 1238 449 Gt
1283 399 1643 449 commun
1688 395 1942 446 TAcl'rl
2392 377 2486 445 [A.
2507 380 2575 430 U.
2597 384 2716 432 8⁰3·

501 389 682 475 ΗΕΒ

468 591 475 597 -
505 507 798 626 barbari,
822 543 1138 629 praefecto
1166 540 1458 607 cohortis
1483 545 1551 603 et
1578 538 1915 622 plerisque
1933 533 2481 602 Centurionum45
2507 538 2713 605 inter.

506 648 735 815 Ῑθῗὲῗ.
751 748 1021 813 Interea
1046 713 1492 821 Mithridates,
1520 743 1702 808 nullo
1726 743 1798 806 in
1835 740 2048 806 armis
2088 739 2413 818 subsidio,
2447 743 2718 810 consul-

502 853 630 928 tat,
679 850 876 933 cujus
920 845 1444 913 misericordiam
1493 846 1925 929 experiretur.
2015 840 2248 905 Frater
2292 839 2526 927 Cotys,
2554 862 2714 927 pro-

510 951 688 1017 ditor
732 953 913 1029 olim,
955 949 1195 1022 deinde
1244 949 1495 1026 hostis‚-
1524 947 1969 1040 metuebatur:
2016 943 2469 1010 Romanorum
2514 964 2715 1014 nemo

509 1051 582 1116 id
612 1052 1069 1118 auctoritatis·
1090 1050 1345 1129 aderat,
1369 1054 1447 1114 ut
1471 1050 1805 1134 promissa
1829 1047 1981 1131 ejus
2007 1045 2230 1128 magni
2260 1045 2717 1129 penderentur.

505 1216 564 1308 in
583 1271 692 1306 oras
712 1255 970 1306 Taurorum
988 1254 1204 1317 impulsa
1233 1255 1416 1310 essent‚·
1447 1257 1495 1300 et
1525 1251 1805 1315 praefectunt
1838 1250 2042 1300 cohortis
2057 1265 2114 1300 ac
2122 1239 2379 1315 plerosque
2391 1251 2718 1302 centurionum

509 1325 1116 1442 onaerrzuffltmmoe'
1134 1380 1266 1429 omni
1302 1394 1384 1442 spe
1415 1394 1651 1428 armorum
1686 1377 1876 1440 amissa,
1898 1378 2147 1442 deliberat,
2179 1378 2308 1440 cuius
2339 1379 2718 1432 misericordiam

506 1452 729 1500 tentaret.
798 1448 972 1496 Frater
987 1447 1132 1507 Cotys
1156 1444 1366 1508 perfidus
1384 1444 1515 1505 olim,
1534 1443 1643 1491 dein
1667 1442 1832 1500 hostis,
1853 1442 2107 1492 timebatur
2126 1458 2142 1492 .·
2176 1458 2308 1492 nem
2323 1444 2568 1493 Romanus
2586 1458 2717 1507 prae·

509 1525 618 1561 sens
639 1501 804 1577 quiea
825 1510 1107 1559 auctoritate
1128 1509 1366 1572 polleret,
1384 1512 1438 1557 ut
1467 1507 1801 1570 promissiones
1818 1507 1918 1567 ejus
1946 1507 2107 1569 magni
2135 1506 2432 1557 haberentur.
2494 1508 2575 1558 Ad
2609 1506 2713 1557 Eu-

1429 1654 1486 1673 OO
1497 1652 1786 1677 ἸΝΝΟΟΟΟ

546 1783 547 1786 =
578 1754 612 1800 4
644 1748 732 1800 Ita
754 1752 1029 1801 Rhenanus
1052 1764 1117 1800 ex
1136 1749 1241 1799 Ms.
1262 1746 1398 1798 Bud.
1423 1748 1554 1796 Mss.
1578 1745 1754 1795 Vatic.
1782 1745 1955 1795 Oxou.
1983 1744 2236 1794 editiones
2260 1751 2466 1793 veteres
2486 1743 2720 1807 plerisque

505 1816 819 1866 consularium
834 1832 850 1864 .-
884 1815 1092 1879 quidam
1112 1813 1447 1864 consiliarium.
1516 1810 1895 1874 Conjectavere
1920 1809 2119 1871 Lipsius
2139 1809 2465 1870 auxiliarium,
2487 1809 2721 1857 Piche'na

508 1879 824 1940 slavicorum,
849 1880 916 1929 N.
935 1879 1175 1928 Heiusius
1196 1876 1678 1939 commanipularium,
1698 1875 1753 1926 J.
1768 1875 2059 1924 Gronovius
2079 1873 2495 1922 contubernalium.
2530 1872 2717 1922 Placet

507 1945 850 2003 centurionum,
872 1943 1029 2007 quod,
1051 1949 1108 1991 ut
1132 1943 1214 1991 ct.
1237 1942 1461 1990 Ernesto
1495 1939 1841 1999 observatum,
1864 1938 2135 2001 praecipua
2168 1938 2221 1986 in
2263 1936 2496 2011 cladibus
2531 1941 2715 1985 centu·

510 2005 715 2056 ‘tionum
733 2007 941 2056 mentio.
1004 2006 1219 2056 Scilicet
1239 2004 1423 2054 occisis
1446 2002 1684 2065 ducibus,
1699 2003 2019 2065 praevaluere
2039 2001 2269 2052 barbari.
2307 2001 2523 2049 Brotter.
2697 2020 2705 2027 ·

1525 2129 1737 2180 NOTAE

578 2269 604 2305 5
635 2263 879 2325 Plerisque
901 2260 1262 2324 Centurionum]
1293 2260 1342 2311 A
1378 2262 1581 2311 Rhena-

515 2353 585 2390 no
610 2345 710 2402 est,
732 2354 798 2388 ex
836 2337 1217 2403 emendatione,
1236 2344 1298 2389 nt
1329 2337 1424 2399 ait,
1436 2336 1583 2387 codi-

513 2416 589 2470 cis
612 2417 748 2467 Bud.
800 2416 937 2467 Nam
972 2416 1075 2466 mei
1107 2430 1329 2467 manuss.
1352 2416 1580 2480 itemque

515 2491 774 2542 editiones
820 2492 1062 2555 antiquae,
1101 2491 1333 2554 plerisque
1372 2492 1579 2539 consula-

511 2567 662 2628 rium,
697 2564 902 2629 quidam
961 2565 1298 2615 consiliarium.
1382 2565 1580 2613 Verum

517 2646 667 2703 puto,
718 2638 1043 2688 auxiliarium.
1110 2640 1246 2688 Nam
1301 2640 1457 2703 praeit
1510 2639 1578 2689 de

506 2713 783 2765 -Praefecto
805 2714 1053 2763 cohortis.
1107 2714 1317 2776 Lipsius.

581 2791 829 2853 Plerisque
854 2790 1212 2852 Centurionum]
1265 2792 1431 2839 Recte
1455 2791 1574 2839 Cen·

510 2865 779 2915 ‘tur-ionum.
828 2865 905 2914 Ut
923 2864 1150 2918 conditio
1170 2864 1371 2914 militiae
1395 2864 1576 2913 distin-

516 2946 782 3003 gueretur,
855 2937 1303 3001 distinguebantur
1370 2938 1579 2987 nomina

517 3013 943 3077 praepositorum:
980 3013 1053 3061 sic
1096 3013 1330 3062 Tribunus
1373 3012 1578 3060 diceba-

518 3091 625 3147 tur,
674 3087 762 3150 qui
815 3086 955 3134 mille
996 3088 1268 3148 legionariis
1317 3094 1576 3150 praeerat3

512 3161 833 3222 Cluilium-lius,
866 3161 954 3224 qui
993 3162 1132 3211 mille
1171 3161 1473 3221 classiariis3
1523 3168 1579 3211 et

508 3235 749 3297 classiarii
768 3235 844 3283 illi
878 3241 1028 3285 erant
1051 3235 1323 3285 deterioris
1360 3237 1579 3286 conditi-

510 3309 649 3371 onis,
687 3324 836 3375 quam
868 3311 1137 3373 legionarii.
1197 3311 1270 3362 At
1313 3311 1580 3372 Proefectus

509 3387 809 3449 dicebatur,
831 3390 918 3452 qui
941 3390 1259 3439 auxiliaribus
1280 3398 1525 3455 praeerat.

452 3466 465 3475 '
583 3464 891 3514 Centuriones
924 3465 1059 3527 apud
1084 3466 1360 3527 legionarios
1395 3472 1580 3526 erant;

518 3539 676 3589 etiam
710 3544 766 3587 et
792 3538 1100 3587 Centuriones
1129 3540 1265 3602 apud
1299 3540 1578 3589 classiarios.

516 3613 711 3666 Quidni
751 3620 806 3663 et
831 3615 1138 3663 Centuriones
1152 3614 1295 3663 fuere
1328 3617 1485 3663 etiam
1525 3631 1581 3665 a·

512 3689 626 3753 pud
649 3688 946 3739 auxiliares?
988 3691 1072 3739 *Et
1103 3690 1236 3738 haud
1261 3690 1434 3753 dubie,
1458 3693 1578 3740 Cen-

507 3764 727 3812 turiones
748 3765 835 3827 qui
871 3764 955 3811 hic
986 3765 1160 3826 occisi,
1187 3765 1495 3814 Centuriones
1527 3779 1579 3814 e-

516 3845 635 3887 rant
656 3839 890 3901 ejusdem
915 3838 1161 3900 cohortis,
1198 3841 1345 3904 cujus
1373 3841 1580 3907 Pragfecy

510 3917 596 3961 ras
617 3912 817 3962 occisus
853 3919 987 3975 erat,
1007 3927 1194 3978 nempe
1223 3915 1450 3965 cohortis
1489 3931 1578 3965 au-

511 3987 797 4036 ailiarium.

582 4061 737 4112 Quod
775 4062 1005 4112 innuitur
1041 4079 1135 4127 per
1163 4072 1227 4114 e’a
1256 4064 1418 4115 verba
1438 4067 1574 4117 Proe-

501 4134 665 4196 fotus
697 4137 914 4201 cohortis,
936 4144 1051 4202 quae
1081 4139 1147 4189 de
1180 4140 1302 4197 solis
1322 4142 1573 4193 auxiliari-

514 4211 993 4277 bus‘intelliguntur.

1726 2259 2035 2308 Centuriones
2066 2258 2407 2308 closum-iorum
2435 2258 2611 2321 fuisse,
2633 2273 2722 2323 pa·

1658 2339 1740 2385 tet
1776 2350 1841 2384 ex
1863 2335 1992 2385 Tac.
2016 2334 2053 2384 1.
2071 2348 2188 2383 xlv.
2222 2333 2311 2383 ubi
2349 2334 2600 2383 describit
2621 2347 2720 2383 cae-

1658 2410 1776 2461 dem
1794 2408 2128 2474 Agrippinae:
2150 2411 2167 2437 ‘
2193 2401 2429 2474 Respicst
2441 2408 2717 2463 Anicetum

1656 2485 1958 2535 Trici-archo
1983 2484 2246 2535 Herculeo
2263 2492 2319 2536 et
2336 2486 2571 2536 Oloarito
2586 2487 2719 2537 Cen·

1659 2560 1865 2609 turione
1887 2561 2146 2610 classiario
2170 2561 2506 2611 comitatum?

1724 2635 1828 2684 Hic
1852 2635 1951 2684 tria
1972 2628 2474 2700 nomina‘distinguit
2494 2636 2723 2701 Tacitus,

1656 2726 1751 2776 pro
1794 2726 2007 2762 munere
2046 2718 2103 2762 et
2144 2719 2411 2775 potestate
2452 2715 2719 2778 cujusque.

1655 2787 1909 2836 Anicetus
1950 2788 2140 2838 dicitur
2173 2789 2439 2850 Proesectus
2474 2791 2637 2839 classis
2668 2806 2721 2840 a·

1657 2862 1765 2924 pud
1781 2863 2035 2912 Misenum
2053 2880 2067 2924 ς
2089 2864 2380 2915 Herculeus
2394 2866 2720 2929 Trierarcbus,

1655 2937 1711 2985 id
1728 2944 1828 3001 cst,
1839 2938 2066 2988 Triremi
2086 2940 2394 3005 praepositus
2409 2958 2425 3003 ;
2449 2943 2717 2993 Oloaritus

1662 3014 1891 3062 Centurio
1917 3015 2203 3068 classiarius.

1722 3087 1794 3135 Et
1806 3086 1890 3136 hic
1906 3094 1988 3137 est
1999 3089 2268 3154 Centurio,
2280 3092 2365 3156 qui
2378 3091 2720 3157 Agrippinam

1658 3160 1952 3212 interemit:
1971 3165 1988 3192 ‘
2005 3164 2056 3212 in
2074 3172 2290 3215 mortem
2303 3168 2605 3218 Centurioni
2616 3167 2719 3218 fer·

1658 3250 1771 3285 rum
1781 3236 2135 3303 distringenti,
2159 3242 2473 3303 protendens
2493 3251 2719 3307 uterum,

1657 3315 1906 3364 Ventrem
1944 3314 2063 3377 feri,
2097 3319 2443 3370 exclamavit?
2507 3321 2722 3373 Classia-

1659 3388 1719 3438 rii
1741 3390 1901 3440 etiam
1935 3389 2070 3440 infra
2093 3399 2282 3442 sortem
2323 3395 2664 3446 auxiliarium.

1725 3465 1970 3528 Plerisque
2023 3467 2380 3534 Centurionum]
2473 3472 2561 3521 Sic
2594 3472 2719 3523 stibi

1657 3541 1780 3590 Tac.
1801 3542 1855 3590 in
1890 3542 2045 3591 simili
2075 3558 2226 3594 casu:
2264 3560 2421 3595 unum
2459 3548 2539 3596 est
2579 3549 2717 3612 qnod

1658 3623 1933 3678 repugnat,
1956 3631 2165 3681 nempe,
2186 3621 2321 3684 quod
2346 3621 2610 3682 Proefectus
2641 3622 2719 3672 ibi

1658 3689 1970 3753 nominetur,
1993 3693 2081 3756 qui
2119 3695 2449 3746 auxiliaribus
2472 3705 2717 3760 praeerat.

1722 3767 1967 3830 Plerisque
2004 3770 2335 3834 atauiarium]
2366 3773 2422 3827 Si
2447 3789 2546 3823 vox
2575 3774 2717 3823 auxi-

1655 3842 1849 3892 liarium
1870 3845 1938 3893 sit
1961 3859 2032 3893 εκ·
2051 3848 2154 3896 Ms.
2177 3848 2385 3910 probari
2420 3856 2625 3912 potest:
2659 3856 2719 3899 et

1656 3914 1769 3966 fere
1804 3918 1940 3968 idem
1981 3928 2096 3982 est,
2129 3937 2248 3972 nam
2291 3925 2598 3975 Centuriones
2639 3923 2716 3973 illi

1657 3998 1713 4042 et
1733 3993 1832 4057 ipsi
1856 3995 2131 4045 auxiliares.
2595 4044 2599 4049 ,

1716 4075 1738 4100 ⁸
1770 4069 1923 4118 Nemo
1956 4069 2008 4118 id
2035 4072 2366 4136 auctoritatis]
2391 4073 2495 4124 Sed
2534 4088 2715 4137 procu-

1654 4148 1797 4191 rator
1814 4144 1974 4196 Ponti
1993 4146 2206 4208 aderat3
2241 4155 2295 4197 at
2318 4164 2432 4198 non·
2456 4150 2589 4199 tanti
2612 4148 2715 4199 fnit

1552 4233 1558 4237 ·
1647 4219 1773 4269 *talis
1812 4227 2135 4293 procurator,
2155 4225 2243 4290 qui
2274 4226 2552 4292 nequidem
2572 4227 2718 4276 Prae·
