3100 4925
409 421 466 473 J.
485 420 549 472 c.
571 419 681 483 σι]

1088 371 1504 462 ΑΝΝΛιιυῐιι
1557 409 1709 458 mn.
1753 409 1924 472 χιιι,

2466 396 2639 462 1407
2646 435 2651 440 ,

1419 591 1636 643 NOTAE

484 697 734 746 Consulum
747 692 1064 743 tribunatibus
1077 692 1243 754 Italia]
1279 692 1476 741 Contra

414 788 477 823 ιι.
506 777 589 823 85.
658 772 840 824 Gallus
880 770 1259 820 contendebat:
1297 770 1313 796 ‘
1334 769 1477 818 Nihil

415 850 538 899 satis
577 849 778 898 illustre
820 854 910 895 aut
947 862 1014 896 ex
1052 846 1307 909 dignitate
1344 846 1476 909 Pop.

416 912 654 986 Romani,
675 924 773 972 nisi
795 938 965 972 corani
991 929 1044 971 et
1067 923 1162 971 sub
1186 922 1347 971 oculis
1371 922 1481 970 Cae-

414 1001 567 1051 saris:
624 1015 788 1064 eoque
845 1007 1152 1050 conventum
1201 999 1368 1047 Italiae
1426 1004 1482 1047 et

417 1075 682 1144 affluentes
724 1076 1018 1139 provincias
1052 1076 1343 1139 praesentiae
1369 1075 1482 1138 ejus

417 1154 670 1204 servanda
689 1153 928 1202 dicebat.’
984 1153 1085 1201 Sed
1104 1153 1219 1202 haec
1242 1166 1335 1215 per
1357 1151 1479 1202 adu-

413 1230 663 1278 lationem
685 1230 735 1276 in
760 1229 1068 1291 principem.

482 1306 553 1354 Et
574 1311 716 1354 certe
738 1306 834 1353 hoc
873 1307 1136 1353 consulum
1168 1306 1253 1368 jus
1276 1305 1396 1367 fuit,
1422 1310 1481 1355 ut

417 1387 565 1445 patet
576 1382 607 1429 l.
625 1385 844 1430 xu1.28.
860 1383 875 1408 ‘
893 1381 1478 1430 Manebatnihilominus

419 1457 654 1523 quaedam
676 1458 846 1516 imago
871 1456 1110 1519 Reipub:
1128 1461 1228 1506 ὅτε.
1283 1456 1301 1484 ‘
1318 1457 1478 1504 Simul

417 1535 664 1599 prohibiti
706 1535 920 1583 Tribuni
969 1535 1057 1598 jus
1098 1540 1379 1598 praetorum
1422 1542 1479 1584 et

416 1612 689 1662 consulum
725 1611 1028 1673 praeripere,
1067 1617 1156 1659 aut
1188 1624 1378 1659 vocare
1412 1623 1477 1658 ex

416 1687 590 1750 Italia,
626 1702 742 1736 cum
764 1687 949 1750 quibus
983 1689 1101 1750 lege
1139 1687 1223 1751 agi
1261 1686 1477 1750 posset.¹

417 1764 695 1813 Neminem
725 1763 938 1812 Tribuni
975 1778 1162 1812 vocare
1197 1769 1481 1825 potuerunt

417 1853 483 1888 ex
515 1839 681 1900 Urbe,
720 1845 812 1890 aut
849 1838 1023 1899 Italia,
1062 1840 1104 1887 si
1143 1839 1220 1892 vis
1258 1839 1481 1900 abesset,

421 1917 511 1966 sed
545 1923 652 1966 tum
682 1916 735 1964 id
761 1931 936 1979 paenes
969 1918 1205 1966 consules
1241 1915 1362 1977 fuit,
1391 1923 1480 1967 aut

420 1997 699 2054 praetores;
735 1999 789 2040 et
826 1992 927 2039 vim
968 1997 1169 2040 tantum
1211 1993 1486 2054 repellere,

417 2079 519 2115 non
563 2064 740 2116 facere
784 2067 1076 2116 debuerunt
1121 2068 1349 2126 tribuni;
1404 2067 1482 2116 vis

418 2148 593 2191 autem
614 2143 795 2205 flebat,
817 2143 857 2191 si
882 2158 1007 2207 quos
1041 2159 1106 2193 ex
1147 2145 1303 2194 Italia
1335 2160 1486 2194 voca-

420 2225 558 2280 rent,
580 2219 883 2282 quibuscum
909 2221 1024 2284 lege
1046 2220 1129 2283 agi
1162 2227 1218 2274 et
1246 2222 1367 2285 jure
1405 2235 1486 2269 or·

420 2295 621 2346 dinatio
649 2301 843 2358 posset.

486 2378 513 2412 ¹³
529 2371 697 2433 Italia,
712 2374 761 2420 et
772 2371 971 2433 publica
986 2372 1262 2435 provinciae]
1282 2374 1489 2435 Nempe

422 2448 542 2515 quia
566 2447 895 2513 pacatissima
919 2447 1094 2511 Italia,
1113 2456 1166 2498 et
1203 2450 1314 2499 haec
1347 2449 1487 2498 inter

421 2523 713 2589 provincias
747 2523 925 2586 populi
950 2524 1186 2584 Romani,
1212 2526 1348 2573 sicut
1371 2524 1485 2574 aliae

422 2601 704 2666 provinciae
755 2602 1008 2661 inermes3
1061 2608 1117 2651 et
1159 2602 1314 2665 longa
1355 2616 1487 2665 pace

422 2676 537 2741 ipsa
568 2676 828 2726 utebatur.
897 2677 1034 2728 Quia
1072 2679 1154 2727 sic
1183 2686 1487 2742 usurpatum

424 2754 519 2803 sub
540 2753 797 2818 Augusto,
835 2769 986 2818 quem
1022 2755 1119 2805 sibi
1158 2755 1402 2817 proponit
1437 2756 1486 2803 in

422 2830 743 2893 exemplum3
778 2836 832 2877 et
854 2829 975 2893 quia
997 2831 1072 2879 sic
1105 2831 1226 2878 olim
1262 2828 1488 2881 obtinuit

423 2899 605 2955 vetere
638 2906 842 2967 Repub.
864 2912 920 2954 et
943 2907 1168 2968 priscum
1192 2921 1387 2955 morem
1410 2923 1488 2956 re-

423 2995 612 3032 vocare
636 2982 800 3030 voluit
825 2983 987 3044 Nero,
1024 2990 1114 3032 aut
1136 2982 1305 3046 finxit,
1345 2985 1486 3047 inge·

424 3055 513 3106 nio
555 3057 770 3106 Senecae
816 3058 1203 3122 obtemperans,
1249 3062 1337 3124 qui
1383 3074 1486 3109 non

424 3131 673 3197 fingebat.

496 3209 703 3259 Publieae
719 3210 998 3274 provinciae]
1029 3211 1248 3274 Spectat
1271 3211 1336 3259 ad
1360 3210 1488 3259 divi-

422 3285 619 3336 sionem
662 3287 1017 3352 Angustaeam.
1097 3288 1345 3337 Claudius
1382 3289 1489 3351 ple·

425 3366 586 3428 'taque
608 3366 778 3413 omnia
803 3364 867 3412 ad
893 3378 949 3413 se
971 3369 1229 3412 traxerat:
1268 3370 1323 3412 at
1347 3364 1488 3413 Nero

425 3441 599 3503 populi
623 3440 935 3503 provincias,
950 3440 1048 3504 (eae
1068 3441 1203 3488 euim
1224 3440 1494 3503 publicae‚)

391 3538 396 3543 ¹
425 3522 705 3579 earumque
728 3517 1106 3565 controversias
1130 3516 1251 3564 solis
1274 3516 1489 3565 consuli-

421 3590 523 3640 bus
546 3605 679 3639 curae
704 3589 838 3653 fore,
873 3606 928 3640 se
952 3592 1260 3641 Caesarianis
1283 3591 1491 3655 provin-

426 3667 540 3728 ciis,
562 3667 614 3715 in
641 3668 823 3730 quibus
857 3669 1120 3718 exercitus
1156 3676 1323 3731 erant,
1356 3669 1488 3717 velie

427 3741 694 3791 ‘consulere
721 3742 980 3804 praedixit.
1015 3744 1149 3807 Lips.

433 3819 443 3829 ”
492 3818 702 3867 Publica
720 3818 997 3883 provincie]
1061 3821 1147 3873 sic
1181 3820 1335 3869 dictae
1369 3827 1492 3871 sumt

426 3893 729 3958 provinciae,
751 3910 868 3958 qnae
910 3895 1102 3958 populo
1139 3895 1286 3944 Rom.
1311 3897 1490 3945 cessis·

426 3975 565 4031 sent,
601 3972 746 4035 quasi
787 3972 1033 4033 papalia-ce,
1074 3985 1190 4020 cum
1229 3969 1371 4021 facta
1409 3977 1491 4023 est

427 4058 605 4096 earnm
663 4047 848 4096 divisio
903 4049 1040 4097 inter
1094 4047 1388 4112 Augustum
1436 4055 1492 4099 et

425 4121 483 4172 8.
508 4118 575 4172 Ρ.
599 4123 667 4174 Q.
693 4124 996 4172 Romanum.

495 4197 607 4248 Has
625 4212 749 4248 vero
769 4199 925 4249 fuisse
943 4199 1122 4261 didici,
1140 4215 1255 4264 quae
1274 4216 1492 4267 sequun

429 4280 545 4327 tart
569 4273 759 4341 Africa,
780 4275 1030 4343 Numidia,
1055 4276 1489 4345 cyrenaicam,

1554 692 1795 756 Bithynia
1813 705 1929 741 cum
1955 691 2127 753 Ponto,
2152 690 2348 739 Groecia
2373 704 2489 739 cum
2513 689 2629 754 epia

1552 785 1627 830 ro,
1648 769 1912 830 Dalmatia,
1930 767 2230 829 Macedonia,
2249 768 2416 827 Creta,
2435 766 2634 830 Siciliaff

1557 846 1804 907 Sardinia,
1828 846 2159 909 Hispaniaque
2179 845 2389 895 Retico.
2456 844 2623 898 Fuere

1563 937 1766 987 qnoque
1809 911 2034 985 publicae
2090 919 2266 983 factae,
2309 919 2633 969 Narbonensis

1563 1005 1753 1058 nostra,
1776 1006 1830 1047 et
1874 999 2078 1061 Cyprus,
2117 1010 2213 1060 pro
2249 997 2433 1061 quibus
2470 1010 2501 1045 a
2538 1010 2632 1060 po·

1563 1077 1687 1140 puio
1710 1077 1885 1126 Caesar
1924 1075 2221 1125 Dalmatiam
2256 1073 2472 1138 recepit.
2520 1074 2633 1124 Ver-

1562 1153 1772 1202 tranius.

1626 1228 1838 1277 Publica»
1870 1227 2148 1290 provincioe]
2216 1226 2300 1277 Ita
2331 1226 2626 1277 distributae

1560 1306 1859 1371 provinciae,
1881 1312 1941 1355 ut
1964 1312 2163 1367 pacatae
2200 1309 2258 1353 et
2295 1304 2516 1352 inermes
2539 1317 2630 1367 pa-

1561 1387 1741 1431 rerent
1778 1381 1998 1441 senatui,
2030 1380 2326 1443 populoque
2365 1379 2516 1428 Rom.
2550 1391 2645 1426 ar··

1560 1465 1715 1508 matae
1765 1473 1907 1519 vero,
1956 1462 2012 1505 et
2052 1456 2141 1505 ubi
2188 1455 2421 1519 legiones
2463 1460 2639 1519 erant,

1560 1540 1808 1599 parerent
1832 1533 2072 1597 principi.
2110 1532 2241 1584 Quae
2264 1529 2442 1595 populi
2462 1537 2636 1595 erant,

1555 1613 1776 1677 publicoe,
1801 1612 1916 1661 aliae
1944 1611 2169 1666 Cauris,
2191 1609 2369 1659 dictae.

1624 1697 1650 1730 (ι
1690 1690 1772 1738 lui
1808 1689 2011 1736 Patr-um
2047 1682 2257 1746 aditum]
2321 1684 2446 1734 Non
2468 1690 2638 1739 ιιιιιῒοι

1562 1763 1826 1825 ConsuleS‚
1859 1762 2051 1826 inquit,
2070 1761 2344 1824 praebeant
2374 1760 2637 1823 provinci-

1562 1838 1726 1892 alibus
1748 1837 1943 1886 aditum
1965 1835 2205 1884 Petrum.
2270 1834 2346 1883 At
2369 1835 2479 1884 hoee
2514 1847 2633 1884 ora-³

1563 1916 1635 1964 tio
1658 1916 1873 1964 Senecae
1909 1912 2039 1962 adeo
2078 1918 2228 1974 grata
2263 1910 2530 1971 Patribus,
2554 1910 2633 1960 ait

1562 1992 1879 2055 xiphilinus:
1913 1992 1931 2016 ⁶
1950 1997 2008 2038 ut
2032 1989 2083 2036 in
2120 1992 2418 2051 argenteam
2442 1988 2634 2037 colum-

1563 2083 1682 2117 nam
1706 2067 1866 2118 incisa
1890 2067 1975 2130 sit,
1998 2072 2052 2114 et
2076 2064 2324 2114 Kalendis
2353 2064 2477 2114 anni
2493 2064 2635 2125 noti,

1565 2159 1685 2192 cum
1704 2144 1940 2193 consules
1960 2142 2157 2204 ineunt,
2173 2155 2237 2189 ex
2258 2141 2474 2189 decreto
2494 2139 2637 2189 ‹lein-

1567 2234 1692 2282 ceps
1716 2219 1889 2268 lecta!
1957 2218 2073 2267 Nec
2097 2231 2283 2266 novum
2319 2216 2373 2265 id
2410 2216 2632 2267 Senatus

1565 2298 1865 2347 decretum:
1902 2295 2108 2358 excipio
2131 2294 2197 2342 de
2223 2300 2455 2356 argento.

1631 2374 1764 2423 Nam
1805 2379 1861 2422 et
1902 2365 2057 2421 antea
2095 2383 2298 2433 semper
2337 2369 2633 2434 principum

1567 2449 1826 2499 orationes
1864 2447 1917 2497 in
1960 2462 2030 2496 aes
2069 2445 2264 2510 incisae,
2288 2453 2343 2496 et
2384 2445 2635 2496 Kalendis

1567 2529 1686 2579 Jan.
1711 2527 1964 2577 recitatae.
2030 2524 2232 2573 Morem
2260 2538 2410 2586 quem
2435 2536 2535 2572 non
2560 2523 2635 2572 ni*-

1566 2606 1662 2654 mis
1706 2610 1885 2654 notum
1930 2602 2163 2666 suggerit
2212 2601 2335 2650 mihi
2388 2602 2497 2652 Dio
2540 2602 2636 2655 lib.

1567 2681 1773 2730 ultimo:
1798 2672 1963 2730 ‘Cum
1980 2679 2215 2741 legerent
2237 2677 2287 2726 in
2313 2684 2497 2726 senatu
2521 2688 2634 2727 ora-

1567 2755 1737 2805 tiones
1762 2755 2009 2820 quasdam
2035 2752 2258 2816 Augusti
2280 2758 2335 2802 et
2352 2753 2544 2802 Tiberii
2570 2765 2637 2802 ex

1571 2831 1806 2892 decreto,
1838 2830 1915 2878 ita
1944 2836 2002 2878 ut
2026 2829 2090 2878 ad
2117 2843 2382 2893 vesperam
2417 2828 2641 2877 Senatus

1570 2907 1929 2966 detinet-etun
1961 2907 2197 2968 legentes
2228 2904 2474 2955 Claudius
2506 2904 2637 2953 inhia

1573 2984 1706 3047 buit,
1726 2982 1964 3033 sufficere
1999 2983 2193 3043 dicens,
2213 2980 2350 3048 quod
2372 2996 2447 3032 eae
2470 2981 2523 3035 in
2547 2996 2635 3031 co-

1572 3061 1758 3109 lumnis
1782 3062 1956 3110 incisae
1980 3060 2188 3110 essent!

1634 3139 1825 3187 Lucem
1848 3138 1971 3186 hinc
1995 3137 2061 3185 do
2084 3135 2244 3184 Plinii
2284 3133 2600 3199 panegyrico
2618 3149 2634 3182 τ

1567 3214 2019 3265 ‘Acclamationes
2044 3210 2280 3275 nostras‚’
2311 3214 2501 3277 inquit,
2534 3214 2550 3241 ‘
2567 3226 2645 3269 nev

1568 3307 1670 3357 qua
1710 3291 2052 3353 interciperet
2083 3288 2294 3353 oblivio,
2343 3288 2408 3338 P.
2455 3288 2538 3351 (λ,
2582 3288 2645 3337 in

1569 3367 1778 3432 publica
1798 3373 1918 3416 acta
1938 3364 2237 3428 mittendas,
2256 3369 2313 3413 et
2331 3363 2636 3413 incidendas

1569 3445 1621 3493 in
1662 3457 1765 3490 aere
1802 3440 2092 3492 censuistis.
2178 3439 2337 3502 Ante,
2374 3440 2635 3489 orationes

1569 3518 1863 3583 principum
1904 3523 2103 3566 tantum
2148 3516 2399 3580 ejusmodi
2448 3526 2636 3581 genere

1571 3599 2016 3643 monumentorum
2063 3592 2296 3642 mandari
2347 3590 2643 3647 aeternitati

1569 3671 1825 3719 solebant:
1861 3668 2259 3718 acclamationes
2282 3669 2489 3734 quidem
2515 3684 2643 3720 nos-2

1571 3757 1664 3799 trae
1690 3747 1977 3811 parietibus
1995 3746 2164 3797 Curiae
2189 3747 2601 3799 claudebantur!

1635 3826 1704 3874 Et
1731 3824 1796 3874 ab
1817 3825 1913 3873 hoc
1937 3824 2043 3873 ritu
2080 3831 2178 3885 est,
2213 3825 2347 3889 quod
2372 3825 2439 3876 Q.
2469 3825 2635 3875 Hate-⁸

1572 3902 1677 3949 rius
1701 3900 1840 3964 apud
1856 3899 2150 3948 Tacitum‘l.
2170 3912 2255 3949 ιιι.
2274 3908 2469 3962 censet,
2490 3905 2505 3929 ⁸
2522 3902 2636 3965 ejus

1570 3977 1674 4026 diei
1698 3977 2154 4025 Senatusconsulta
2185 3977 2351 4025 aureis
2385 3978 2556 4028 literis
2580 3978 2636 4027 iu

1572 4052 1729 4101 Curia
1767 4051 2001 4109 figenda!
2085 4052 2336 4115 Ingerunt
2380 4061 2435 4103 et
2471 4054 2637 4106 Juris-

1571 4128 1813 4216 consulti,
1837 4127 1974 4193 apud
2002 4143 2129 4192 quos
2152 4129 2278 4178 locis
2301 4129 2495 4194 aliquot
2521 4145 2633 4181 ora-

1570 4203 1738 4255 tiones
1757 4203 1839 4253 hae
1863 4203 2152 4271 principum
2173 4205 2415 4257 laudatae.
