3100 4925
466 311 660 385 1512*

1132 338 1194 386 Ο.
1241 336 1602 387 CORNELI!
1648 338 1941 388 'raot'rl-

2339 337 2430 412 [Ᾰ.
2453 348 2525 402 υ.
2544 341 2661 401 sid.

464 496 713 562 minum
758 495 1141 562 manifestos
1198 495 1433 561 merito
1482 496 1570 562 ad
1631 498 2033 563 servitutem⁸
2061 485 2323 581 retrahi,
2367 511 2438 569 ut
2486 514 2663 572 metu

467 596 909 676 coerceantur,
941 618 1109 681 quos
1137 597 1464 664 beneficia
1483 618 1618 664 non
1645 602 2163 666 mutavissent.’⁹
2380 681 2383 684 ,

553 699 665 764 27.
714 699 1184 766 Disserebatur
1201 707 1468 766 contra:
1504 707 1525 735 ‘
1548 702 1927 767 Paucorum
1952 705 2216 787 culpam
2239 706 2406 791 ipsis
2429 709 2667 788 exitio-7

467 819 610 865 sam
627 820 775 866 esse
792 802 1032 882 debere
1053 824 1069 867 :
1101 804 1258 869 nihil
1284 805 1742 869 universorum
1761 804 1897 889 juri
1915 806 2389 888 derogandum:
2417 811 2665 893 quippe

465 902 598 967 late
631 903 855 969 fusum
899 905 972 970 id
1019 925 1286 992 corpus.
1375 889 1560 971 Hinc
1608 907 1993 989 plerumque
2031 905 2297 985 tribuS,¹¹
2326 908 2668 989 decurias)

466 1097 717 1148 vindicari
736 1115 752 1160 ;
787 1106 847 1150 ut
874 1100 1150 1151 formidine
1170 1102 1505 1153 cohibeantur
1524 1104 1622 1166 ini,
1643 1119 1772 1169 quos
1795 1104 1986 1155 eximia
2010 1104 2179 1169 gratia
2202 1120 2305 1154 non
2330 1106 2588 1157 movisset.

537 1164 720 1213 Contra
752 1166 1129 1216 asseverabant.-
1159 1168 1459 1218 Paucorum
1497 1171 1668 1218 scelus
1699 1170 1822 1234 ipsis
1841 1172 2126 1219 solummodo
2158 1169 2503 1233 perniciosum
2549 1185 2660 1221 esse

466 1225 660 1303 debere
681 1244 697 1288 ;
730 1229 856 1278 nihil
884 1230 938 1278 in
960 1245 1229 1281 commuue
1258 1232 1368 1295 juri
1391 1232 1786 1284 detrahendum.
1854 1234 1993 1286 Nam
2015 1234 2121 1282 iate
2141 1240 2415 1284 extensum
2437 1249 2532 1284 esse
2551 1250 2660 1285 cor·

465 1303 562 1353 pus
579 1292 708 1342 iilud
724 1309 740 1342 x
778 1307 845 1342 ex
863 1308 965 1358 quo
992 1308 1133 1360 saepe
1156 1295 1338 1362 tribus,
1359 1296 1618 1361 decurias,
1636 1297 1897 1348 ministros
1920 1298 2326 1362 magistratibus,
2347 1306 2403 1349 et
2427 1299 2662 1350 sacerdo·

1391 1439 1747 1460 OOOWOOOOO

459 1519 468 1524 ’
533 1521 564 1565 8
598 1515 727 1566 Mss.
743 1516 892 1571 Harl.
912 1516 1024 1572 Jes.
1045 1521 1108 1571 ad
1125 1521 1532 1573 Μύρωνα-9
1567 1521 1696 1573 Mss.
1734 1521 1885 1574 Harl.
1909 1523 2063 1574 Bodi.
2087 1524 2199 1575 Jes.
2221 1481 2402 1575 Gueif.
2438 1539 2528 1575 non
2548 1538 2664 1574 cons·
2689 1544 2693 1547 ’

467 1582 790 1633 mutavissent.

1455 1716 1669 1768 NOTAE

466 1826 658 1880 bantur
708 1829 937 1892 patronis
993 1830 1111 1880 suis.
1175 1830 1357 1881 Innuit
1401 1832 1526 1883 Tac.

468 1902 611 1953 nist.
631 1905 668 1954 1.
689 1917 754 1953 11.
774 1908 857 1955 92.
879 1905 971 1955 ubi
993 1906 1060 1957 de
1080 1905 1321 1958 Vitelliot
1356 1909 1372 1936 ‘
1396 1908 1527 1958 Gra-

466 1985 577 2029 tum
601 1979 907 2043 primoribus
928 1982 1177 2045 civitatis,
1198 1984 1357 2034 etiam
1378 1984 1527 2046 plebs

467 2052 797 2118 approbavit,
828 2057 963 2120 quod
1014 2059 1236 2108 reversis
1270 2059 1336 2109 ab
1369 2061 1526 2110 exilio

457 2127 585 2200 jura
616 2128 926 2182 libertorum
960 2134 1332 2196 concessisset3
1365 2151 1526 2202 quan·

471 2221 624 2270 quam
659 2204 713 2257 id
730 2208 873 2260 omni
906 2209 1059 2260 modo
1081 2209 1291 2262 servilia
1320 2214 1530 2284 ingenia

467 2283 892 2347 corrumpebant,
917 2284 1108 2335 abditis
1153 2288 1387 2349 pecuniis
1433 2303 1529 2353 per

466 2359 700 2408 occultos
756 2366 811 2409 et
867 2361 1168 2411 ambitiosos
1218 2362 1377 2413 sinus.
1457 2366 1530 2415 Et

467 2434 677 2499 quidam
700 2436 752 2484 in
775 2436 979 2487 domum
1004 2439 1227 2490 Caesaris
1249 2444 1528 2506 transgres-

469 2511 533 2574 si,
555 2516 711 2576 atque
733 2511 857 2575 ipsis
877 2513 1096 2563 dominis
1119 2517 1479 2578 potentiores.’

531 2587 723 2638 Exules
746 2595 801 2637 et
822 2588 1071 2651 damnati,
1091 2590 1227 2653 quod
1252 2592 1342 2654 jus
1365 2594 1526 2644 babu-

466 2675 555 2712 ere
576 2661 629 2711 in
663 2661 900 2727 libertos,
919 2663 1249 2728 amittebant,
1271 2673 1327 2717 et
1360 2669 1416 2718 id
1448 2683 1527 2718 re-

464 2737 717 2804 cuperare
762 2747 1005 2804 poterant
1046 2742 1218 2806 gratia
1256 2743 1525 2809 principis,

465 2832 585 2866 cum
637 2818 702 2868 ab
747 2818 904 2868 exilio
948 2826 1348 2870 revocarentur:
1401 2820 1524 2870 hinc

463 2892 835 2956 intelligendus
877 2894 1020 2943 iocus
1063 2896 1198 2945 alter
1218 2896 1404 2957 Taciti,
1435 2896 1524 2945 ubi

464 2965 616 3029 dicit,
656 2968 874 3019 clientes
917 2974 973 3018 et
1026 2969 1243 3019 libertos
1284 2970 1524 3021 laetitiam

460 3042 718 3107 habuisse,
738 3058 852 3093 cum
876 3043 1070 3094 domini
1089 3045 1168 3095 sui
1192 3046 1527 3098 restitueren-

465 3126 570 3168 tur.

529 3193 707 3256 Forte,
729 3193 805 3244 sic
826 3196 1056 3247 nonnulli
1092 3196 1269 3248 liberti
1300 3198 1411 3249 laeti
1431 3215 1527 3264 per

462 3268 856 3334 gratitudinem,
872 3272 963 3321 sed
987 3272 1197 3336 pessimi
1216 3274 1375 3325 etism
1400 3291 1524 3338 gau-

461 3345 678 3409 debant,
699 3347 823 3411 quia
866 3348 1088 3411 patroni,
1111 3348 1240 3398 licet·
1280 3351 1525 3415 restituti,

461 3438 563 3475 non
584 3425 759 3475 statim
785 3431 956 3475 tamen
969 3427 1056 3489 jus
1079 3426 1130 3476 in
1155 3426 1369 3477 libertos
1392 3429 1523 3478 reci·

459 3501 710 3566 piebant3
761 3502 940 3566 sicque
982 3502 1103 3552 boni
1147 3503 1283 3553 bona
1310 3501 1521 3553 fortuna

460 3588 796 3645 patronorum
839 3579 941 3629 frui
996 3588 1269 3643 poterant;
1307 3589 1363 3632 at
1397 3584 1519 3632 mali

457 3664 647 3721 sponte
681 3663 883 3708 tantum
913 3656 1149 3709 beneficii
1170 3673 1245 3719 2se
1266 3673 1519 3708 memores

456 3732 795 3797 praestabant,
816 3747 1002 3797 nempe
1025 3734 1067 3783 si
1089 3736 1300 3784 veilent.

519 3809 618 3860 Jus
654 3816 830 3860 autem
867 3811 921 3860 in
948 3810 1166 3861 libertos
1187 3810 1520 3861 auferebatur

456 3885 713 3938 damnatis
752 3889 1000 3951 patronis,
1034 3904 1151 3939 cum
1182 3887 1305 3952 ipsis
1340 3895 1519 3937 cetera

452 3965 589 4015 bons
607 3963 966 4015 auferrentur:
1002 3971 1059 4015 et
1075 3979 1193 4014 cum
1216 3977 1316 4012 non
1340 3970 1518 4026 posset

454 4040 697 4093 Vitellius
718 4057 846 4107 opes
879 4056 1056 4092 omnes
1077 4040 1204 4105 ipsis
1227 4040 1517 4104 restituere,

444 4119 577 4183 ⁴ipsis
598 4124 772 4169 tamen
795 4104 1027 4170 restituit
1055 4116 1192 4182 quod
1216 4115 1409 4180 potuit,
1422 4114 1517 4178 jns

435 4198 793 4259 *patronatum
831 4193 885 4244 in
928 4191 1067 4259 quod
1099 4192 1208 4257 jus,
1228 4190 1391 4242 vetuti
1429 4191 1517 4242 de-

1606 1838 1799 1883 sert-um
1832 1839 1926 1884 aut
1956 1829 2312 1894 confiscatum,
2350 1829 2665 1881 succedebat

1608 1910 1874 1973 princeps,
1896 1921 1987 1958 sen
2008 1906 2183 1958 fiscus.

1671 1984 2011 2034 Tenebantur
2027 1983 2102 2032 illi
2119 1981 2366 2047 obsequia
2384 1988 2441 2031 et
2463 1981 2668 2032 alimen-

1607 2064 1665 2109 ta
1701 2066 1955 2124 praestare
1997 2059 2245 2123 patronis,
2287 2065 2344 2107 et
2383 2057 2508 2121 ipsis
2541 2071 2668 2121 opes

1609 2150 1726 2186 suas
1743 2137 2055 2202 relinquere,
2069 2135 2109 2184 si
2127 2135 2237 2185 sine
2255 2133 2490 2199 legitimo
2510 2134 2670 2182 haere-

1609 2213 1676 2262 de
1691 2212 2053 2273 decessissent,
2068 2215 2160 2261 aut
2173 2224 2288 2260 cnm
2308 2208 2434 2272 ipsis
2459 2208 2666 2272 partiri:

1609 2287 1750 2352 quod
1772 2301 1911 2351 saepe
1939 2286 2114 2336 servili
2134 2285 2341 2349 ingenio
2364 2283 2665 2334 eludebant.

1672 2361 1697 2395 ¹¹
1735 2361 1924 2427 Tribus]
1972 2362 2172 2411 Liberti
2213 2360 2448 2411 tulerunt
2491 2356 2669 2408 suffra-

1609 2438 1750 2502 gium
1767 2438 1822 2488 in
1840 2443 2063 2502 quatuor
2072 2436 2267 2486 urbanis
2282 2434 2542 2496 tribubus,
2554 2439 2668 2500 quas

1605 2515 1796 2565 rusticis
1815 2514 2170 2580 ignobiliores,
2192 2519 2246 2562 et
2279 2513 2331 2560 in
2364 2511 2426 2560 iis
2445 2509 2670 2560 frumen-

1608 2597 1719 2643 tum
1738 2590 2085 2654 accipiebant.

1673 2667 1790 2716 Nee
1824 2681 2004 2716 verum
2041 2671 2139 2727 est,
2164 2671 2223 2714 ut
2247 2669 2477 2728 vertunt,
2498 2662 2681 2714 tribus*

1605 2743 1835 2807 integras
1870 2758 1936 2792 ex
1969 2740 2281 2792 manumissis
2304 2737 2465 2791 fuisse
2483 2738 2671 2789 consti-

1604 2824 1765 2881 tutas,
1781 2818 1874 2867 sed
1897 2818 1949 2866 in
1971 2816 2194 2867 urbanas
2215 2817 2383 2866 tribus
2408 2815 2485 2865 ini
2508 2815 2670 2878 conji-

1604 2892 1889 2954 ciebantur,
1905 2906 2031 2957 quas
2066 2906 2159 2940 suo
2203 2904 2414 2940 numero
2458 2891 2685 2953 supple·-

1603 2968 1749 3019 bant.

1669 3044 1685 3078 ¹
1719 3046 1972 3111 Denda]
2000 3044 2228 3096 sandicum
2246 3059 2311 3094 ne
2334 3043 2571 3094 decurias
2594 3042 2675 3091 in-

1605 3123 1814 3186 telligit,
1853 3138 1918 3172 an
1955 3123 2127 3187 potius
2163 3121 2463 3172 scribarum?
2520 3127 2683 3183 puto,-

1602 3200 1883 3251 scribarum
1946 3200 2049 3251 Qui
2093 3198 2221 3248 ordo
2260 3200 2366 3247 late
2404 3194 2547 3245 fusus
2566 3196 2669 3244 Ro-

1604 3292 1720 3340 mae,
1739 3282 1796 3327 ct
1827 3291 1929 3326 non
1961 3274 2277 3329 inhonestus.
2343 3271 2544 3322 Liberti
2578 3284 2667 3319 au·

1604 3362 1710 3405 tem
1750 3353 1983 3405 ordinem
2016 3366 2132 3401 eum
2171 3349 2343 3416 pretio
2365 3354 2510 3398 certo
2533 3359 2667 3396 eme-

1603 3433 1744 3494 bant,
1762 3430 1839 3497 uti
1860 3445 1890 3478 e
1911 3430 2165 3479 Cicerone
2187 3425 2409 3474 haurias.
2434 3438 2519 3472 m.
2553 3423 2588 3470 l.
2611 3423 2664 3473 in
2722 3434 2727 3437 ·

1600 3510 1853 3558 Verrem:
1877 3505 1892 3534 ‘
1908 3504 1991 3555 Ad
2013 3516 2102 3553 eos
2120 3517 2202 3552 me
2221 3501 2419 3551 scribas
2441 3512 2662 3548 revoca:
2746 3510 2759 3517 ·

1601 3584 1708 3634 noli
1728 3584 1818 3632 hos
1839 3580 2104 3644 colligere,
2119 3578 2208 3643 qui
2241 3575 2518 3625 nummulis
2558 3587 2666 3623 cor-

1603 3657 1796 3725 rogatis
1817 3657 1884 3706 de
1904 3661 2151 3720 nepotum
2170 3653 2318 3702 donis
2349 3665 2410 3702 ac
2435 3649 2664 3699 scenico-

1602 3750 1715 3787 rum
1738 3733 2047 3795 corolinriis,
2072 3745 2189 3779 cum
2223 3728 2492 3778 decuriam
2527 3737 2661 3775 eme·

1603 3818 1744 3876 runt,
1766 3825 1834 3860 ex
1855 3810 2021 3874 primo
2046 3807 2226 3859 ordine
2261 3806 2586 3869 explosorum
2607 3801 2662 3851 in

1599 3887 1878 3937 secundnm
1895 3885 2128 3935 ordinem
2145 3882 2373 3934 civitatis
2389 3895 2446 3929 se
2462 3878 2663 3929 venisse

1597 3964 1812 4014 dicunt.’
1878 3964 1948 4013 Et
1986 3961 2141 4025 paulo
2177 3964 2295 4021 post
2340 3956 2408 4006 de
2446 3954 2626 4004 iisdem
2643 3968 2660 4002 z

1596 4040 1612 4068 ‘
1628 4038 1937 4089 Mirabimur
1959 4045 2134 4101 turpes
2158 4035 2351 4099 aliquos
2373 4045 2488 4081 esse
2512 4032 2564 4078 in
2596 4043 2662 4078 eo
2756 4064 2769 4069 -

1592 4113 1797 4179 ordine,
1819 4128 1921 4182 quo
1938 4112 2100 4163 cuivis
2131 4110 2305 4175 pretio
2329 4110 2454 4159 licet
2479 4105 2661 4172 perst-

1596 4190 1708 4240 nire
1726 4190 1762 4238 ?'
2380 4202 2392 4213 ·
2638 4188 2663 4205 ‘-
