3100 4925
549 357 726 436 {504

1231 371 1317 438 lb.
1364 381 1756 438 connum·
1780 391 2050 441 raom

2346 399 2752 464 ψ
3062 233 3070 552 ι

1542 575 1755 650 No'rs‘z

549 719 834 786 bonsulum,
857 729 912 773 et
933 729 1055 774 ante
1092 729 1297 788 rogatas
1325 725 1610 777 sententias

550 805 758 864 patrum
779 799 886 848 ritu
907 800 1121 850 solenni.

613 877 952 944 Quocumque
1006 876 1157 929 modo
1173 878 1478 944 “innotuerit
1520 880 1609 930 ille

549 945 827 1014 consensus
858 952 1097 1016 Patrum,
1129 961 1274 1003 certe
1315 962 1489 1004 tamen
1531 956 1609 1004 in-

548 1028 751 1079 notuit:
787 1036 842 1077 et
875 1028 1011 1077 forte
1047 1044 1105 1077 re
1127 1029 1396 1093 proposita
1429 1045 1460 1078 a
1499 1031 1608 1094 qui-

547 1101 763 1154 busdam
785 1104 1017 1168 patribus
1049 1104 1390 1155 frementibus
1425 1107 1605 1156 adver·

546 1195 633 1229 sus
671 1181 902 1243 libertos,
930 1179 1104 1228 statim
1127 1180 1452 1229 insurrexere
1484 1194 1605 1230 con·

541 1249 628 1329 [tra
659 1256 959 1309 nobilissimi
979 1263 1206 1321 patrum,
1228 1271 1276 1307 v.
1311 1271 1377 1318 c.,
1398 1261 1495 1309 &c.
1529 1258 1606 1308 illi

546 1333 906 1394 consularium,
941 1340 997 1382 et
1034 1333 1107 1383 sic
1131 1348 1430 1383 consensum
1469 1349 1610 1383 sena-

541 1399 629 1461 'tus
653 1411 825 1473 palam
862 1406 1180 1473 indicavere,
1200 1416 1383 1473 utpote
1419 1409 1608 1459 ceteris

546 1500 649 1535 non
696 1485 1155 1546 dissentientibus3
1210 1492 1267 1535 et
1308 1487 1445 1535 hunc
1487 1501 1608 1536 con-

543 1566 748 1614 sensum
770 1568 980 1611 senatus
1017 1563 1366 1626 perscripsere
1390 1562 1606 1625 Neroni,

542 1643 603 1686 ut
645 1644 826 1688 auctor
850 1637 966 1702 ipse
1007 1638 1389 1687 constitutionis
1435 1637 1605 1702 fieret,

544 1720 597 1775 ut
617 1713 744 1764 inter
760 1729 934 1778 paucos
954 1714 999 1763 ei
1019 1714 1267 1763 sententia·
1288 1715 1518 1763 adversos.

549 1841 554 1848 ,
608 1787 762 1844 Quod
816 1789 1037 1844 diximus
1086 1790 1151 1838 de
1207 1803 1459 1840 consensu
1492 1789 1602 1851 illo,

489 1866 496 1885 ³
539 1868 687 1931 quasi
726 1872 927 1916 tantum
964 1863 1340 1914 consensissent
1377 1863 1443 1913 ad
1477 1865 1603 1913 scri-

539 1946 785 2007 bendum,
807 1950 865 1994 ut
903 1952 1086 1993 cunctor
1104 1943 1493 1992 constitutionis
1515 1941 1602 1991 fie-

535 2027 652 2079 τας
698 2021 797 2068 boc
834 2020 945 2082 jam
984 2033 1088 2067 non
1133 2027 1271 2068 esset
1313 2032 1616 2068 consensus*

535 2099 548 2106 ”
579 2104 743 2143 atrum
777 2093 1013 2158 praecise,
1049 2093 1141 2143 sed
1181 2100 1382 2142 tantum
1422 2107 1600 2144 consu·

537 2111 667 2232 iiim,
709 2171 798 2236 qui
846 2172 923 2221 sic
966 2172 1312 2221 adulabantur
1348 2171 1597 2236 principi,

536 2255 703 2313 metu,
719 2250 804 2302 vel
823 2249 922 2299 alia
946 2263 1102 2299 causa
1115 2248 1334 2313 privata,
1352 2262 1450 2297 non
1464 2248 1596 2311 pub-

535 2325 658 2373 lica.
795 2365 798 2370 ,

603 2400 705 2449 Sed
731 2413 880 2450 verus
917 2399 1018 2452 fuit
1038 2401 1124 2449 ille
1146 2413 1421 2449 consensus
1451 2412 1599 2449 sena-

539 2483 653 2536 tus;
690 2490 808 2526 cum
841 2478 994 2541 pauci
1037 2490 1221 2539 nempe
1264 2476 1597 2524 adversaren-

539 2558 644 2615 tur,
662 2559 719 2602 et
738 2558 946 2602 senatus
980 2553 1127 2601 simul
1149 2565 1266 2599 eum
1288 2550 1598 2612 consulibus,

449 2612 469 2631 ⁴
537 2628 758 2677 maxima
801 2643 867 2676 ex
912 2632 1064 2690 parte
1109 2624 1470 2675 consentiebat
1510 2625 1599 2673 ad-

494 2759 498 2761 ,
535 2717 709 2752 versus
751 2704 864 2752 illos
901 2716 1112 2766 paucos,
1133 2712 1336 2762 nempe,
1368 2704 1427 2747 ut
1469 2698 1596 2747 nihil

534 2781 876 2844 derogaretur
899 2779 1008 2844 juri
1026 2778 1300 2828 communi.

592 2857 669 2908 ‘Et
690 2873 806 2907 cum
842 2857 1148 2907 relationem
1172 2855 1324 2903 istam
1359 2854 1592 2917 incipere

531 2930 636 2983 iton
662 2935 915 2990 auderent
937 2932 1195 2989 consules,
1216 2943 1386 2993 neque
1414 2930 1595 2979 decre·

531 3012 644 3056 tuin
682 3006 953 3072 perficere,
996 3008 1366 3054 consenserunt
1399 3013 1590 3068 *patres

529 3094 651 3132 *cum
695 3083 1002 3141 consulibus,
1045 3087 1107 3129 ut
1137 3080 1480 3137 ,scriberetur
1523 3081 1590 3130 de

533 3172 786 3208 consensu
829 3158 936 3207 illo·
960 3163 1188 3216 senatus,
1224 3163 1279 3204 et
1316 3162 1590 3206 ut‘auctor

529 3234 914 3284 ‘constitutionis
932 3233 1043 3297 ips'e
1063 3232 1231 3282 fieret.
1550 3223 1555 3228 ’

593 3312 860 3362 Habemus
877 3310 1166 3373 exemplum
1179 3309 1295 3358 talis
1311 3322 1590 3358 consensus

528 3397 737 3439 senatus
787 3387 927 3452 apud
977 3388 1117 3436 Plio.
1164 3386 1330 3448 Epist.
1374 3398 1451 3432 vr.
1505 3389 1585 3432 19.

528 3469 543 3495 ‘
565 3456 824 3516 Proximis
848 3463 1068 3513 comitiis
1084 3460 1438 3510 honestissima
1460 3473 1587 3508 voce

527 3550 736 3593 senatus
770 3541 1045 3605 expressit,
1079 3537 1341 3589 candidati
1360 3551 1427 3584 ne
1466 3551 1586 3585 con-

525 3620 783 3680 viventur,
805 3632 870 3665 ne
904 3616 1115 3665 mittant
1146 3626 1379 3673 munera,
1407 3626 1474 3660 ne
1499 3626 1586 3674 pe-

521 3694 706 3744 ·cuuias
751 3695 1030 3756 deponant.
1118 3691 1197 3738 Ex
1242 3688 1425 3753 quibus
1482 3688 1585 3737 dno

519 3769 703 3833 priora
742 3775 848 3817 tam
891 3773 1072 3829 aperte
1114 3776 1267 3829 quam
1311 3763 1585 3813 immodice

524 3843 745 3894 fiebant.
814 3843 930 3891 Hoc
950 3842 1179 3903 tertium,
1198 3855 1485 3904 quanquam
1498 3854 1583 3887 oc·

526 3920 826 3981 eniteretur,
858 3933 952 3980 pro
995 3925 1261 3980 comperto
1277 3916 1582 3965 habebatur.

519 3992 1032 4057 Romulus‚.deinde
1090 4000 1287 4052 noster,
1345 4006 1465 4040 usus
1510 3992 1583 4039 vi-

526 4071 750 4134 gilanter
786 4072 881 4118 hoc
916 4061 1170 4119 consensu
1203 4074 1583 4130 senatuS‚,seu⁶

524 4147 707 4196 teutiae
746 4146 861 4195 lo‘co
905 4140 1318 4207 postulaviunt
1347 4145 1582 4192 consules

523 4222 842 4276 desiderium
860 4223 1211 4274 universorum
1239 4229 1420 4272 notum
1441 4222 1583 4287 prin-

1689 730 1797 794 cipi
1818 728 2072 792 facerent,
2094 733 2462 794 peterentque,
2481 729 2617 781 sieut
2636 727 2755 782 sliis‘

1691 806 1847 866 vitiis,
1882 807 2004 856 huic
2031 821 2234 871 quoque
2257 807 2534 870 prudentia
2554 822 2645 857 sua
2665 823 2752 857 oc·

1689 889 1939 933 curreret.
2029 884 2305 933 Occurrit.
2371 898 2491 933 nam
2553 891 2751 934 sumtus

1688 957 2081 1008 candidatorum
2103 955 2266 1008 foedos
2301 959 2416 1009 illos
2435 967 2491 1010 et
2533 946 2750 1011 infames

1689 1029 1914 1084 ambitus
1960 1037 2076 1100 lege
2121 1034 2424 1086 restrinxit.⁵
2489 1037 2576 1086 De
2618 1036 2753 1085 Tra-

1677 1110 1806 1173 jano
1829 1108 2090 1176 intelligit.

1752 1185 1829 1241 At'
1851 1188 2108 1251 quomodo
2123 1169 2351 1238 innotuit
2366 1187 2456 1236 ille
2471 1201 2746 1260 consensus

1686 1268 1912 1325 senatus,
1934 1264 2002 1313 de
2038 1278 2141 1327 quo
2178 1264 2265 1313 liic
2297 1262 2533 1312 Plinius?
2565 1278 2632 1312 an
2665 1278 2747 1312 re-

1686 1337 1878 1386 latione
1909 1339 2192 1400 consulum,
2243 1352 2307 1388 an
2351 1338 2570 1388 decreto
2631 1346 2749 1401 per·¹

1688 1409 1864 1462 fecto?
1931 1412 2054 1464 Non
2077 1420 2242 1476 certe,
2283 1415 2402 1480 qnia
2430 1415 2529 1463 hoc
2566 1413 2744 1465 deside-

1685 1490 1812 1539 rium
1835 1495 2041 1555 patrum
2062 1496 2243 1541 notum
2265 1491 2489 1555 principi
2525 1489 2743 1553 faciunt,

1686 1570 1759 1617 et
1779 1572 2065 1629 expectant
2101 1565 2372 1616 arbitrium
2404 1564 2580 1615 illius:
2610 1571 2743 1616 atta-

1682 1656 1804 1691 men
1826 1641 1878 1691 in
1914 1648 2098 1692 senatu
2121 1655 2372 1706 expressa
2403 1641 2493 1691 illa
2527 1656 2633 1691 vox
2657 1642 2747 1692 boi

1680 1719 1971 1768 nestissima
1993 1725 2215 1780 patrum.

1748 1796 1885 1858 Ergo
1924 1795 2078 1843 aliter
2109 1795 2382 1857 expressus
2420 1793 2510 1843 ille
2532 1807 2743 1843 consen-

1683 1886 1768 1920 sus
1791 1876 1999 1920 senatus
2037 1870 2088 1920 iu
2126 1870 2272 1920 curia
2313 1870 2444 1934 ipsa,
2471 1884 2622 1934 quam
2661 1884 2740 1919 re·

1680 1946 1874 1995 latione
1907 1946 2197 2006 consulum,
2239 1958 2424 2008 nempe
2469 1945 2740 1995 sententiis

1677 2020 2010 2070 illustriorum
2066 2020 2437 2083 meliorumque
2500 2018 2740 2082 Patrum,

1680 2096 1842 2160 quiid
1884 2098 1935 2145 in
1975 2102 2158 2145 senatu
2192 2099 2538 2158 promserant,
2562 2099 2745 2157 possm,

1678 2173 1930 2233 laverant,
1949 2177 2408 2236 expresserantque
2431 2183 2743 2219 consensum*

1677 2247 1818 2296 illum
1843 2256 2048 2312 patrum
2072 2262 2165 2297 sua
2187 2245 2519 2306 auctoritate,
2541 2252 2596 2296 et
2618 2246 2738 2311 quia

1678 2321 1796 2379 ide
1847 2323 2053 2387 Repub.
2095 2337 2205 2372 esse
2250 2321 2415 2370 visum
2466 2321 2730 2386 pluribus:

1678 2400 1814 2465 quod
1849 2406 1905 2449 et
1927 2399 2145 2464 contigit
2166 2397 2402 2456 similiter
2439 2397 2538 2467 hoc
2555 2403 2735 2467 nostro

1675 2477 1790 2525 loco
1812 2477 1992 2526 Taciti.

1743 2552 2049 2615 Consensum]
2098 2552 2422 2617 Quandoque
2452 2551 2735 2616 propositis

1665 2627 1835 2687 certis
1868 2628 2110 2691 negotiis,
2149 2627 2298 2677 simul
2340 2626 2733 2689 obstrepebant,

1674 2710 1765 2754 aut
1786 2704 2125 2767 astrepebant
2146 2711 2344 2767 patres,
2378 2702 2530 2751 simul
2565 2716 2731 2753 assen-

1672 2794 1801 2837 sum,
1825 2786 1916 2827 aut
1953 2779 2259 2840 dissensum,
2298 2777 2444 2827 velut
2485 2792 2585 2827 una
2604 2776 2745 2827 voce‘

1672 2854 2078 2918 expromebant3
2116 2859 2172 2903 et
2209 2854 2330 2902 hinc
2368 2851 2525 2903 facile
2549 2867 2734 2916 agnos-

1673 2927 1904 2990 cebatur,
1928 2928 2050 2994 quid
2071 2928 2289 2979 sentiret
2308 2934 2535 2987 senatus,
2571 2927 2729 2977 etiam

1673 3021 1772 3054 non
1808 3005 1962 3055 dictis
2006 3007 2104 3055 rite
2137 3011 2192 3054 et
2213 3005 2394 3055 ordine
2438 3002 2731 3067 sententiis,

1670 3097 1767 3132 nec
1786 3088 1927 3146 captu
1947 3082 2196 3132 relatione.
2502 3126 2507 3133 .

1674 3187 1683 3193 -
1736 3159 1875 3208 Hinc
1915 3173 2214 3209 consensum
2258 3161 2466 3207 senatus
2518 3156 2749 3221 collige-'

1669 3234 1814 3297 bant,
1852 3242 1907 3284 et
1946 3233 2392 3300 quemadmodum,
2424 3233 2468 3282 si
2501 3224 2731 3296 quwdo-⁸

1669 3326 1768 3375 que
1807 3326 1910 3360 non
1951 3309 2216 3359 sufficeret
2250 3322 2490 3357 numerus
2522 3312 2729 3375 senato·

1666 3401 1798 3450 rum,
1826 3393 1917 3435 aut
1936 3386 2039 3451 alia
2061 3400 2215 3441 causa
2229 3398 2329 3433 non
2356 3383 2727 3447 perficiebatur

1667 3462 1962 3520 ‹lecretum3
2009 3466 2065 3507 et
2086 3459 2330 3523 quicquid
2353 3466 2462 3507 tum
2501 3457 2727 3521 censuis-

1667 3543 1783 3585 sent
1822 3543 2021 3599 patres,
2043 3534 2168 3583 licet
2213 3547 2312 3581 non
2350 3547 2445 3596 pro
2482 3532 2727 3580 Senatus-

1666 3613 1902 3662 censulto
1942 3611 2237 3671 haberetur,
2276 3614 2453 3669 tamen
2471 3608 2728 3657 auctoritas

1668 3688 1964 3749 vocabatur,
1984 3694 2040 3735 et
2056 3702 2120 3736 ea
2153 3686 2227 3736 uti
2251 3685 2398 3733 licuit
2417 3684 2483 3733 ad
2518 3683 2725 3733 firman-

1666 3765 1784 3815 dam
1822 3780 2056 3815 causam:
2092 3765 2168 3813 sic
2192 3768 2246 3821 et
2285 3763 2403 3812 exin
2440 3762 2593 3811 etiam
2619 3762 2726 3817 col-

1664 3841 1896 3904 ligebant
1927 3855 2228 3909 consensum
2261 3847 2489 3901 senatus,
2523 3842 2579 3886 et
2601 3837 2724 3889 scri·

1666 3917 1856 3977 bebant
1873 3917 2111 3966 consules
2143 3915 2385 3980 principi,
2404 3914 2449 3965 si
2470 3914 2544 3963 ita
2582 3912 2723 3962 vide-

1665 4001 1828 4043 retur.
2389 4046 2399 4063 r
2576 4032 2580 4043 .

1731 4071 2015 4119 Conseusum
2043 4069 2254 4132 senatus]
2318 4067 2421 4119 Qui
2443 4059 2723 4119 consensus

1664 4152 1833 4195 tamen
1856 4145 1909 4197 in
1930 4160 1994 4195 eo
2015 4143 2150 4194 forte
2173 4143 2509 4202 consistebat,
2534 4149 2594 4191 nt
2614 4143 2720 4203 ille,

1661 4238 1845 4288 nempe
1870 4223 2033 4286 Nero,
2054 4227 2216 4272 auctor
2255 4218 2599 4295 constitutionis
2621 4218 2699 4285 fle
