3100 4925
371 440 436 496 J&
465 440 534 496 G·
549 439 672 506 ⁸601

1060 425 1474 486 Auxanius«
1522 435 1671 487 mn.
1716 433 1894 487 1111.

1378 660 1594 713 NOTAE
1632 709 1639 718 .

381 804 466 848 me
499 794 828 844 accentores
856 791 1203 856 insurgerent,
1225 806 1341 842 cum
1379 805 1449 842 ne

380 881 519 918 nunc
543 868 750 934 quidem
773 868 964 932 desint,
985 883 1048 919 ea
1077 870 1296 919 crimina
1317 869 1447 934 obji-

381 943 602 1007 cientes,
638 943 826 1009 quibus
872 945 936 994 ab
980 946 1272 1008 imperante
1325 947 1445 1008 alio,

323 1031 332 1039 ·
380 1026 580 1085 preter
599 1020 779 1085 filium,
799 1036 906 1073 non
927 1023 1237 1073 absolverer.

411 1097 426 1164 J
444 1096 630 1147 'Palem
645 1109 732 1147 ‘ex
753 1098 849 1149 hac
886 1097 1195 1163 Agrippinae
1215 1099 1446 1149 oratione

384 1187 591 1225 sensum
613 1175 797 1225 elicuit
827 1175 1128 1225 Franciscus
1150 1177 1449 1239 Venturius,

380 1250 724 1312 verissimum,
743 1252 798 1302 ni
821 1251 992 1303 fallor.
1024 1252 1249 1303 Pichena.

381 1349 392 1353 ·
447 1328 702 1390 Primum,
731 1343 835 1379 non
867 1335 949 1380 est
984 1328 1067 1378 hic
1105 1329 1343 1393 ponenda
1371 1330 1448 1378 iu-

383 1406 675 1470 terrogatio
698 1410 818 1469 post
839 1418 1018 1456 vocem
1045 1410 1276 1468 poteram,
1311 1405 1447 1469 quod

384 1482 564 1545 Lipsio
586 1481 772 1531 visum.
828 1482 948 1531 Non
973 1481 1109 1529 enim
1129 1480 1333 1545 quoerit,
1356 1478 1449 1531 sed

383 1557 539 1619 plane
579 1554 817 1618 affirmat,
850 1556 1081 1619 potuisse
1103 1570 1159 1605 se
1179 1556 1372 1618 vivere,
1394 1562 1452 1606 et

386 1632 594 1697 quidem
614 1638 746 1694 tuto,
767 1634 811 1683 si
842 1631 1174 1684 Britannicus
1208 1632 1276 1682 ad
1292 1632 1451 1696 impe-

386 1708 519 1760 rium
542 1708 802 1769 venisset3
845 1708 1036 1772 quippe
1060 1723 1174 1773 quae
1195 1708 1449 1758 nullorum

386 1781 610 1834 offensas
628 1783 797 1849 adhuc
817 1782 871 1831 in
894 1798 949 1833 se
971 1785 1299 1834 concitasset.
1353 1781 1451 1833 At-

386 1873 490 1925 que
528 1860 701 1909 obiter
740 1859 989 1921 ostendit,
1011 1859 1147 1923 quod
1177 1857 1451 1922 imperium

390 1935 455 1984 ad
484 1935 745 1985 Neronem
768 1935 1110 1998 transtulerit,
1129 1949 1231 1984 non
1253 1933 1354 1984 sibi
1378 1947 1454 1998 se,

389 2009 484 2061 sed
506 2011 704 2064 Neroni
727 2011 831 2061 tilio
852 2012 1171 2075 praestitisse.

453 2087 641 2142 Sensus
665 2102 790 2153 ergo
807 2095 915 2139 est:
939 2088 993 2138 si
1014 2088 1278 2138 Rubellius
1295 2087 1452 2137 Plan-

386 2169 489 2227 tus,
511 2170 603 2214 sut
626 2165 737 2229 quis
777 2165 923 2227 alius,
956 2165 1099 2216 nulla
1122 2178 1203 2213 me
1225 2162 1453 2213 necessi·

391 2238 573 2289 tudine
595 2241 919 2303 contingens,
933 2241 1204 2303 imperium
1219 2238 1455 2301 invadat,

388 2320 447 2368 et
467 2328 585 2365 cnm
606 2315 820 2379 imperio
837 2316 1104 2365 licentiam
1134 2313 1334 2379 Judicia
1358 2328 1453 2378 pro

389 2397 524 2441 nutu
547 2390 801 2455 versandi,
823 2391 1019 2440 clarum
1042 2398 1122 2439 est
1152 2404 1251 2439 non
1272 2388 1454 2439 deesse

390 2467 518 2524 mihi
535 2467 785 2529 inimicos,
806 2469 893 2533 qui
917 2467 1086 2531 parati
1105 2469 1210 2517 sint
1223 2467 1453 2531 objicere

391 2536 533 2608 mi'lni,
554 2559 653 2594 non
679 2544 814 2594 levia
836 2544 1094 2609 quaedam,
1125 2543 1219 2592 sed
1242 2543 1454 2593 atrocis·

389 2621 536 2685 sima,
557 2620 730 2686 qualia
754 2620 894 2684 apud
926 2626 1248 2680 extraneum,
1271 2625 1330 2667 ut
1352 2616 1455 2666 for-

391 2696 642 2747 midolosa
668 2703 753 2745 est
786 2709 985 2744 summe
1014 2701 1266 2759 potestas,
1298 2691 1456 2761 fidem

392 2779 608 2837 possunt
629 2770 876 2833 invenire,
908 2770 1047 2834 apud
1086 2767 1248 2818 filium
1283 2773 1456 2818 euntem

393 2846 460 2899 de
491 2855 655 2899 matre
675 2862 776 2897 non
799 2853 1028 2911 possunt,
1049 2845 1289 2896 obstante
1310 2852 1456 2896 natu·

392 2923 491 2973 tali
513 2923 753 2973 caritate.

459 2998 580 3049 Hoc
602 2998 755 3048 modo
778 2996 1058 3047 artificiose
1081 2995 1354 3046 admodum
1378 3011 1456 3047 os·

394 3074 565 3126 tendit
613 3071 925 3137 Agrippina,
973 3073 1100 3123 nihil
1144 3087 1275 3135 esse,
1318 3072 1457 3137 quod

392 3149 558 3214 magis
571 3156 804 3199 metuere
818 3149 1055 3213 deberet,
1070 3163 1224 3214 quem
1241 3148 1296 3199 id
1318 3150 1456 3214 quod

393 3225 716 3290 concupiisse
738 3224 1073 3291 arguebatur.
1122 3225 1337 3275 Grotius.

403 3326 407 3335 ·
459 3300 667 3352 Falsum
704 3307 785 3350 est
827 3301 966 3366 quod
998 3314 1288 3364 supponere
1313 3301 1455 3351 vide-

394 3381 481 3427 tur
505 3376 739 3441 Grotius,
774 3376 1018 3428 Plautum
1060 3377 1200 3425 nulla
1238 3379 1457 3427 necessi-

394 3452 573 3503 tudine
597 3452 902 3517 contingere
924 3450 1286 3517 Agrippinam.
1320 3453 1456 3503 Nam

392 3528 483 3581 ille
508 3530 621 3594 pari
659 3529 823 3593 gradu
859 3527 1152 3593 Augustum
1195 3528 1457 3594 continge·

394 3602 489 3655 bat
510 3617 574 3653 ac
612 3606 775 3667 Nero,
798 3610 854 3654 et
886 3610 1145 3668 praeterea
1176 3618 1242 3653 ex
1274 3619 1461 3670 suppo·

396 3678 496 3730 sito
521 3679 733 3731 maritus
759 3686 898 3731 esset
920 3678 1263 3745 Agrippinas..
1345 3744 1350 3749 ‚

462 3757 567 3809 Sed
588 3760 818 3822 quamvis
851 3755 1015 3807 affinis
1047 3764 1184 3808 esset
1216 3756 1462 3822 Agrippi-

396 3850 480 3887 nae
503 3835 769 3899 princeps,
805 3834 930 3883 nihil
970 3834 1035 3883 ad
1066 3848 1202 3883 rem:
1242 3846 1379 3895 nam,
1400 3841 1459 3883 ut

391 3919 543 3965 recte
564 3909 691 3959 dicit
725 3910 858 3975 ipss,
895 3924 959 3960 ea
978 3910 1191 3960 crimina
1227 3910 1458 3974 objecta,

397 3986 601 4054 quibos,
633 4000 668 4036 a
700 3987 807 4036 solo
839 3987 944 4036 filio
966 3986 1163 4037 absolvi
1185 3995 1350 4037 mater
1367 4001 1458 4050 po·

396 4066 522 4129 tuit,
564 4079 670 4119 non
708 4069 884 4114 autem
925 4077 958 4111 a
1002 4062 1291 4127 propinquo
1332 4062 1457 4125 ullo,

397 4157 500 4193 non
524 4157 553 4195 a
572 4141 758 4194 marito
780 4138 1029 4204 ipso‚.qui
1050 4138 1266 4190 sceleris
1285 4152 1460 4195 exem,-

398 4217 541 4287 plum
560 4215 853 4280 intelligere
875 4213 1070 4280 potuit.
1391 4258 1396 4263 .

471 4294 634 4368 ἥψω
672 4306 777 4367 ego,
809 4289 1108 4361 (Britannico
1138 4288 1349 4357 potiente
1384 4304 1458 4343 re-

1526 806 1652 855 rum,
1670 790 1906 856 pteram]
1951 790 2142 841 Vivere
2164 803 2279 855 ego,
2296 790 2592 856 imperante

1529 867 1852 930 Britannico,
1896 873 2130 930 poteram
2171 866 2427 919 absolute.
2501 869 2591 924 Sic

1527 943 1676 1006 dicit,
1698 944 1818 1009 quia
1855 944 1896 992 si
1931 944 2211 1007 imperaret
2235 945 2592 1010 Britannicus,

1525 1024 1636 1067 tum
1665 1033 1726 1068 eo
1749 1033 1869 1069 casu
1894 1019 2079 1069 nullius
2116 1019 2353 1070 veneficii
2378 1016 2586 1075 conscii

1524 1102 1662 1145 esset
1678 1093 1924 1145 adversus
1949 1095 2237 1145 Britannici
2260 1102 2497 1159 patrem3
2532 1100 2591 1151 e't

1527 1171 1624 1220 hoc
1670 1176 1811 1220 statu
1855 1185 2045 1229 rerum,
2091 1176 2194 1221 non
2236 1170 2589 1235 adoptandum

1528 1244 1623 1311 per
1683 1247 1852 1297 scelus
1901 1246 2164 1298 Neronem
2232 1255 2552 1311 procurasset
2571 1264 2591 1300 ι

1526 1324 1704 1388 sicque
1720 1323 1965 1373 innocens
1999 1330 2137 1372 esset
2174 1324 2339 1373 omnis
2360 1323 2591 1375 criminis

1527 1400 1583 1449 in
1619 1400 1993 1460 Britannicum,
2030 1400 2206 1464 sicque
2234 1400 2410 1448 vivere
2444 1400 2593 1450 abso-

1530 1477 1640 1525 lute
1678 1476 1851 1538 potuit
1887 1467 2190 1540 Agrippina,
2233 1476 2474 1541 potiente
2510 1491 2591 1528 re·

1531 1565 1645 1601 rum
1668 1551 1990 1600 Britannico.
2458 1583 2461 1590 -

1594 1624 1669 1676 At
1691 1625 1733 1675 si
1755 1626 1870 1690 quis
1906 1627 2038 1675 alius
2078 1640 2215 1677 nunc
2251 1630 2436 1693 Remp.
2457 1629 2591 1681 obti-

1529 1709 1699 1766 neret,
1713 1703 2015 1763 judicaturus
2031 1702 2096 1752 de
2113 1704 2423 1769 Agrippina,
2442 1712 2589 1758 certe

1530 1778 1747 1827 crimina
1790 1778 2120 1829 commiserat
2160 1779 2273 1843 ipsa
2309 1780 2361 1829 in
2399 1782 2589 1834 multos

1531 1854 1722 1903 civium
1761 1854 1913 1904 Rom.
1948 1855 2001 1903 in
2027 1869 2270 1918 proceres
2306 1862 2363 1907 et
2402 1857 2590 1920 princi·

1527 1943 1666 1994 pem,
1687 1930 1871 1994 quibus
1894 1944 1995 1978 non
2015 1930 2115 1980 nisi
2138 1946 2169 1979 a
2190 1930 2297 1981 filio
2319 1939 2484 1982 mater
2500 1931 2590 1983 ab-

1439 2041 1443 2048 ·
1529 2005 1660 2056 solvi
1682 2007 1867 2071 potuit.

1593 2084 1710 2133 Nec
1733 2091 1878 2132 certe
1900 2084 2118 2135 deerant
2132 2091 2481 2149 accusatores,
2500 2086 2592 2151 qui

1529 2166 1586 2210 et
1606 2160 1745 2210 illam
1766 2162 1941 2212 multis
1962 2163 2076 2212 aliis
2093 2161 2423 2226 facinoribus,
2433 2164 2591 2216 etiam

1528 2237 1649 2286 olim
1689 2238 1927 2301 patratis,
1950 2239 2200 2301 pollutam
2237 2241 2419 2289 statim
2451 2238 2593 2289 invn-

1531 2314 1736 2373 derent,
1759 2316 1803 2364 si
1844 2316 1953 2381 quis
1986 2316 2116 2366 alius
2154 2315 2423 2380 imperium
2458 2316 2593 2367 obti-

1533 2391 1875 2453 neret,etiam
1897 2392 1940 2442 si
1959 2392 2040 2441 vel
2062 2393 2277 2442 maritus
2294 2391 2593 2456 imperaret,

1533 2468 1652 2532 quia
1686 2469 1979 2533 exemplum
2017 2469 2072 2518 in
2110 2483 2166 2518 se
2197 2469 2422 2520 criminis
2444 2469 2596 2521 intel·

1527 2545 1696 2609 *ligere
1720 2551 1775 2593 et
1799 2550 2032 2594 metuere
2056 2544 2265 2594 tandem
2290 2546 2475 2609 potuit.
2578 2580 2583 2591 .

1600 2621 1672 2671 Et
1711 2620 1785 2669 sic
1824 2634 2200 2685 quemcumque
2236 2620 2392 2670 alium
2424 2633 2595 2673 rerum

1534 2695 1819 2758 potientem
1838 2703 2072 2746 metuere
2093 2696 2293 2759 debuit,
2304 2696 2462 2747 etiam
2481 2710 2601 2761 pro·

1534 2771 1800 2836 pinquum,
1838 2772 1996 2820 etiam
2035 2773 2291 2834 maritum,
2321 2772 2480 2822 etiam
2502 2773 2595 2829 im·

1534 2847 1680 2911 perio
1704 2855 1760 2896 et
1783 2847 2020 2910 conjugio
2041 2862 2133 2896 suo
2166 2853 2405 2898 evectum
2427 2865 2445 2911 ς
2476 2864 2598 2899 nsm

1535 2921 1753 2982 crimina
1782 2936 1844 2971 ea
1882 2929 2201 2986 patraverat,
2231 2923 2414 2988 quibus
2435 2926 2597 2974 asolo

1533 2994 1642 3047 fili'o
1683 3006 1850 3048 mater
1891 2998 2085 3048 absolvi
2121 2999 2311 3063 potuit.
2380 3000 2470 3052 Sic
2500 2999 2596 3052 libs

1535 3085 1616 3122 ιι.
1635 3078 1717 3123 26.
1736 3074 1824 3124 ubi
1847 3074 1915 3123 de
1941 3074 2087 3135 Silio,
2113 3075 2199 3139 qui
2221 3075 2495 3140 imperium
2528 3090 2597 3126 ex

1534 3150 1859 3199 matrimonio
1925 3151 2239 3200 Messallinae
2312 3148 2600 3214 affectavit,

1534 3225 1755 3291 ideoque
1777 3228 1983 3290 nuptias
2006 3226 2242 3276 festinari
2266 3222 2599 3292 postulabat:

1537 3304 1554 3330 ‘
1579 3303 1819 3367 segniter
1858 3304 1938 3352 has
1985 3317 2139 3353 voces
2197 3310 2451 3367 acceptae,
2495 3318 2599 3355 non

1538 3391 1712 3426 amore
1734 3377 1784 3426 in
1809 3378 2067 3443 maritum,
2083 3377 2175 3426 sed
2207 3391 2272 3426 ne
2293 3377 2446 3427 Silius
2467 3393 2601 3429 sum·

1536 3466 1622 3502 ma
1664 3451 1884 3518 adeptus
1937 3458 2208 3517 sperneret
2274 3454 2596 3515 adulteram3

1536 3530 1810 3595 scelusque
1859 3530 1997 3579 inter
2036 3530 2285 3594 ancipitia
2319 3530 2598 3595 probatum

1538 3606 1677 3656 veris
1699 3621 1817 3656 mox
1840 3606 2023 3672 pretiis
2048 3606 2368 3657 aestimaret!
2428 3609 2500 3660 Et
2521 3622 2601 3659 sa-

1431 3717 1436 3721 ·
1540 3682 1609 3732 tis
1663 3682 1832 3732 innuit
1866 3681 2168 3747 ,Agrippina
2225 3698 2602 3750 quemcumque

1541 3756 1845 3821 principem,
1867 3756 2032 3806 virum
2056 3763 2110 3807 et
2126 3759 2403 3822 conjugem
2422 3759 2601 3822 etiam,

1538 3833 1805 3884 metuendi
1837 3848 2041 3884 causam
2075 3834 2333 3897 habuisse,
2370 3850 2487 3885 cum
2510 3834 2599 3885 ad·

1539 3908 1633 3974 dit,
1654 3909 1820 3974 quibus
1837 3911 1933 3959 nisi
1948 3926 1980 3959 ιι
2000 3911 2115 3977 filio
2136 3917 2290 3961 muter
2310 3912 2488 3961 absolvi
2506 3926 2600 3965 non

1531 4001 1724 4050 possam.

1611 4063 1775 4113 Vivere
1785 4077 1890 4127 ego,
1900 4063 2186 4114 Britannico
2198 4064 2407 4129 potiente
2420 4079 2601 4125 rem,

1532 4141 1768 4205 poteram]
1812 4139 1971 4190 Certe
1991 4140 2089 4190 hoc
2113 4141 2300 4205 posito,
2321 4138 2463 4204 quod
2484 4152 2600 4203 re&

1537 4225 1690 4269 naret
1710 4229 1864 4265 verns
1884 4215 1977 4265 ille
2007 4215 2170 4265 haeres
2211 4213 2435 4278 imperii,
2469 4211 2599 4277 nihil

1535 4296 1809 4364 peccasset
1836 4289 1892 4342 in
1914 4304 2047 4345 eum
2085 4287 2415 4359 Agrippia,-
2429 4302 2600 4369 neque
