3100 4925
1122 386 1559 442 ANNAmuu.
1588 388 1736 438 mn.
1779 387 1956 438 xm.
2458 371 2633 439 1559

437 392 493 448 J,
511 393 576 446 C.
599 391 708 458 693

435 552 813 613 castrorum
860 543 1233 622 Praefecto)
1269 546 1595 611 mandat.-
1653 543 1854 624 Tum,
1886 546 2384 630 circumspectis
2420 546 2632 614 muni-

405 649 699 725 ·mentiS,
742 653 809 711 et
848 666 999 731 quae
1046 650 1523 730 expugnationi
1552 650 1812 727 idonea,
1845 650 2156 732 provisiS,
2194 648 2485 713 hortatur
2511 648 2635 712 mi-

431 749 618 825 liteS,
663 754 682 782 ‘
712 754 787 812 ut
814 750 1072 813 hostem
1099 769 1363 832 vagum,
1409 769 1619 832 neque
1662 752 1820 833 paci
1868 755 1980 814 aut
2027 750 2261 831 pr-aelio
2303 755 2633 831 paratum,

437 850 557 914 sod
599 848 937 932 perfidiam
965 856 1032 913 et
1057 850 1387 931 ignaviam
1428 849 1591 933 fuga
1631 849 2098 926 confitentem*
2120 856 2432 914 exuerent
2461 849 2635 915 sedi·-

440 952 590 1026 bm,
623 951 990 1033 gloriaeque
1016 952 1282 1033 pariter·
1302 956 1367 1014 et
1407 951 1657 1035 prsedae
1706 950 2158 1016 consulerent?
2240 951 2441 1029 Tum,
2472 970 2634 1034 qua·

437 1051 784 1135 dripartito
841 1053 1160 1129 exercitu,
1212 1052 1340 1116 hos·
1379 1053 1451 1115 in
1497 1049 1924 1117 testudinem¹¹
1970 1054 2427 1135 conglobatoS,
2478 1053 2635 1117 sub·

437 1153 682 1218 ruendo
738 1150 934 1218 vallo¹
988 1153 1263 1232 inducit,
1326 1156 1498 1219 alios
1557 1156 1816 1220 scalas¹¹¹²
1865 1156 2200 1220 moenibus
2259 1154 2633 1232 admovere,

437 1334 540 1384 toni
561 1340 819 1384 castrorum
854 1334 1095 1399 proesecto.
1167 1334 1286 1384 Tum
1317 1335 1542 1400 inspeetis
1560 1337 1855 1400 undequaque
1892 1335 2121 1399 operibus,
2158 1339 2206 1384 et
2234 1334 2522 1399 praeporotis
2555 1334 2636 1395 iis,

440 1415 541 1462 quae
575 1399 805 1449 obsidioni
836 1400 1097 1448 necessaria
1136 1406 1302 1460 erant,
1333 1403 1494 1448 'monet
1530 1402 1724 1462 milites,
1760 1409 1816 1448 ut
1847 1398 2191 1449 deturbarent
2213 1399 2417 1448 arcibus
2438 1400 2636 1448 hostem

441 1463 808 1527 palabundum‚
840 1466 926 1527 qui
949 1478 1112 1527 neque
1135 1478 1335 1527 pacem,
1360 1470 1449 1513 aut
1487 1478 1710 1528 pugnam
1747 1464 1923 1527 vellet,
1961 1464 2051 1512 sed
2092 1463 2285 1523 dolum,
2306 1470 2362 1511 et
2398 1463 2636 1513 inertiam

443 1542 584 1576 suam
606 1527 849 1586 fugiendo
874 1536 1191 1590 agnosceret,
1230 1535 1284 1576 et
1323 1528 1496 1577 decori
1527 1529 1674 1577 simul
1716 1543 1798 1590 ue,
1835 1535 1890 1577 et
1925 1528 2170 1591 parandis
2191 1527 2376 1590 opibus
2400 1526 2638 1590 provide·

442 1597 572 1641 rent.
645 1592 761 1639 Tum
783 1593 832 1639 in
854 1597 1055 1654 quotuor
1087 1597 1249 1655 pones
1265 1594 1416 1641 diviso
1438 1593 1671 1651 exercitu,
1727 1607 1776 1640 os
1795 1593 1846 1639 in
1861 1591 2144 1640 testudinem
2166 1591 2393 1648 consertos
2425 1593 2639 1642 admovet

440 1656 743 1706 subvertendo
774 1655 1057 1705 munimento
1071 1672 1091 1714 ,⁰
1139 1656 1258 1704 alios
1290 1658 1430 1705 scalis
1468 1658 1672 1706 admotis
1707 1671 1863 1705 muros
1894 1656 2116 1705 invadere
2139 1655 2295 1720 jubet,
2325 1654 2638 1719 plurimosque

1362 1799 1717 1819 “OOOOOOOON

442 1913 714 1967 perperam
753 1904 989 1956 Histeius.
1055 1905 1403 1971 Ryckins.—4
1436 1863 1548 1994 him·
1569 1904 1697 1972 Agr.
1723 1911 1779 1955 et
1800 1903 1987 1970 Ryckii
2011 1902 2139 1954 Cod.
2173 1901 2377 1969 perfidio
2397 1905 2444 1951 et
2464 1901 2640 1965 ἰεηαο

1439 2066 1651 2118 NOTAE

507 2184 789 2251 Repugnat
805 2204 823 2250 ς
856 2190 992 2256 quod
1011 2190 1336 2241 centuriones
1351 2191 1501 2240 unius

441 2262 658 2312 nominis
698 2278 790 2314 seu
833 2267 1147 2328 cognominis
1195 2266 1501 2331 appellatio-

444 2351 559 2386 nem
582 2339 773 2390 babent
794 2342 931 2403 apud
953 2341 1202 2392 Tacitum.
1251 2341 1500 2390 Attamen

441 2413 492 2462 in
515 2415 632 2465 cod.
658 2417 789 2466 Flor.
811 2417 1014 2467 videtur
1032 2414 1190 2471 fuisse
1211 2418 1365 2467 etiam
1386 2416 1502 2466 His-

441 2489 563 2549 eeius
578 2506 695 2556 cap.
716 2498 765 2542 9.
788 2493 861 2543 sic
881 2493 1075 2561 quippe
1091 2493 1256 2545 edidit
1272 2495 1504 2544 Piehena

442 2567 671 2629 Floreat.
737 2570 1009 2633 interpres
1044 2579 1099 2620 et
1136 2572 1233 2623 hoc
1269 2571 1383 2619 loco
1418 2574 1499 2619 89.

441 2640 651 2693 Insteius
687 2644 872 2707 edidit,
907 2652 964 2696 et
997 2647 1080 2697 sic
1126 2661 1192 2695 ex
1235 2647 1327 2696 lib.
1371 2647 1501 2697 Mss.

441 2718 608 2779 possit
645 2718 782 2771 idem
822 2722 933 2786 ipse
971 2737 1105 2784 esse,
1140 2723 1227 2787 qui
1249 2723 1502 2786 centurio,

439 2790 563 2843 dein
586 2794 868 2858 praefectus
892 2805 1195 2849 castrorum.

500 2868 518 2908 J
558 2872 830 2921 Castrorum
846 2873 1093 2936 praefecto]
1127 2875 1257 2924 Post
1277 2875 1503 2938 legatum

442 2945 656 3008 legionis
688 2947 811 3010 jure
848 2963 909 2998 ac
943 2949 1203 3013 dignitate
1240 2951 1505 3002 eminebat

441 3020 727 3084 praefectus
748 3030 1032 3075 castromm
1053 3042 1067 3073 ε
1104 3041 1206 3077 non
1226 3027 1407 3077 babuit
1429 3036 1506 3078 ta-

445 3097 668 3160 menjns
692 3099 868 3162 gladii,
892 3108 947 3150 ut
971 3107 1120 3164 patet
1138 3117 1294 3167 supra
1316 3104 1407 3155 lib.
1430 3119 1471 3154 1.

506 3173 564 3223 Si
583 3173 788 3225 abesset
806 3176 1024 3239 legatus,
1039 3177 1149 3241 ipse
1167 3180 1356 3242 legioni
1375 3195 1512 3244 prae-

445 3255 576 3314 erat,
598 3255 653 3299 et
674 3250 718 3298 si
741 3251 944 3314 quando
974 3254 1227 3303 vexillarii
1248 3256 1503 3319 legionum

439 3324 512 3375 ad
553 3326 838 3376 ministeria
888 3326 1012 3377 belli
1045 3330 1285 3392 urgentia
1326 3331 1505 3395 procul

439 3401 870 3466 abducebantur,
892 3403 1026 3467 ipsis*
1052 3404 1342 3468 imperabat
1374 3421 1504 3469 prae-

442 3476 614 3528 sectus
638 3487 956 3531 castrorum:
1005 3480 1162 3530 etiam
1187 3488 1241 3530 et
1267 3482 1504 3544 pluribus

443 3554 646 3604 vexillis
685 3562 927 3620 praeerat,
962 3561 1018 3605 et
1051 3557 1194 3620 -parti
1228 3558 1506 3621 exercitus,

445 3636 504 3683 ut
524 3631 622 3680 boe
643 3633 775 3684 loco.

508 3705 534 3739 Β
581 3708 640 3756 In
677 3710 981 3773 testudinem]
1061 3712 1129 3761 Id
1161 3711 1346 3775 fiebat,
1385 3727 1503 3762 cum

445 3782 607 3833 scutis
628 3796 786 3845 super
808 3786 988 3847 capita
1007 3785 1176 3848 elatis,
1208 3801 1355 3836 muro
1391 3802 1505 3837 suc·

446 3858 721 3920 cedebant,
743 3859 918 3923 primis
940 3861 1187 3921 militibus
1219 3862 1506 3924 altioribus,

443 3940 503 3989 et
517 3934 705 3984 ordine
743 3936 843 3984 isto
883 3937 1150 4000 paulatim,
1182 3939 1347 3987 instar
1380 3940 1506 3989 tecti

446 4011 714 4075 simplicis,
729 4010 1062 4061 decrescente
1081 4028 1095 4073 ;
1117 4020 1176 4063 ut
1189 4015 1294 4063 tela
1313 4014 1508 4078 injecta

446 4102 544 4152 per
563 4087 804 4151 ‚proclive
833 4086 1152 4148 laberentur,
1171 4097 1226 4139 et
1249 4091 1411 4140 minus
1434 4091 1506 4139 in·

449 4164 616 4215 sidere
652 4168 865 4227 possent
901 4169 956 4213 et
985 4162 1143 4228 infigi.
1208 4166 1272 4216 In
1296 4167 1383 4216 lias
1403 4174 1506 4217 tes·

440 4241 652 4297 tudines
695 4240 1078 4307 manipulatim·
1106 4248 1197 4309 aut
1231 4244 1504 4309 ‘centuria-

1582 2190 1672 2239 tim
1697 2203 1752 2238 se
1775 2187 2171 2250 conglobabant.

1640 2266 1732 2314 Sic
1752 2269 1995 2329 poterant
2011 2263 2256 2315 subruere
2273 2266 2329 2310 et
2342 2258 2640 2323 succedere,

1581 2341 1666 2390 vel
1721 2338 2014 2389 ascendere.
2101 2338 2235 2386 Nam
2291 2334 2643 2385 ascendebant

1586 2416 1670 2466 alii
1695 2430 1849 2480 super
1869 2416 2014 2477 alios,
2034 2418 2093 2463 ut
2108 2411 2323 2476 fastigio
2354 2409 2642 2459 altitudinis

1583 2493 1716 2543 muri
1754 2495 2111 2557 aequarentur:
2178 2486 2452 2553 aliquando
2476 2485 2643 2536 ‘itera-

1584 2569 1712 2618 bant
1745 2566 2079 2629 testudinem,
2111 2570 2167 2614 et
2201 2578 2356 2628 super
2386 2561 2641 2613 secundos

1585 2644 1729 2694 tertii
1750 2644 1916 2693 adhuc
1939 2641 2303 2692 ascendebant.

1648 2722 1711 2769 In
1752 2717 2055 2779 testudinem]
2122 2717 2209 2766 Sic
2250 2713 2546 2778 conglobati
2585 2718 2641 2763 et

1584 2794 1809 2846 conferti
1843 2809 1904 2844 ac
1938 2791 2136 2857 clypeis
2160 2791 2416 2840 sociorum
2450 2795 2508 2838 et
2539 2789 2643 2839 suis

1542 2886 1549 2893 ·
1584 2871 1826 2937 protecti,
1847 2871 2035 2919 vallum
2058 2867 2394 2917 subruebant.

1608 2960 1611 2963 ·
1649 2946 1957 2998 ¹Subruendo
1977 2944 2121 3007 vallo]
2152 2945 2356 3007 Nempe
2379 2939 2643 2992 testudine

1581 3025 1831 3087 tegebant
1854 3022 2014 3073 etiam
2048 3019 2309 3069 machinas
2342 3024 2401 3068 et
2438 3018 2646 3083 arietes,

1583 3101 1767 3165 quibus
1790 3099 2105 3149 munimenta
2124 3097 2214 3146 iila
2235 3094 2562 3145 subruerent.

1646 3182 1682 3207 ¹¹²
1715 3173 1903 3235 Scalas]
1968 3172 2218 3223 Quaedam
2256 3171 2410 3223 scalae
2442 3184 2646 3233 compac-

1582 3251 1708 3313 tiles,
1734 3264 1849 3315 quae
1874 3254 1964 3298 aut
1980 3246 2217 3311 pluribus
2255 3245 2490 3308 partibus
2525 3254 2646 3294 con-

1584 3333 1743 3390 stant,
1764 3333 1820 3375 ut
1852 3324 2053 3389 plicari,
2074 3336 2371 3386 rursumque
2393 3321 2644 3384 explicari

1586 3404 1801 3468 possint,
1820 3411 1912 3452 aut
1932 3401 2028 3465 ipsi
2052 3398 2242 3464 gradus
2265 3397 2533 3458 removeri,
2555 3404 2647 3447 aut

1584 3479 1815 3542 recondi,
1835 3478 1979 3543 quasi
1997 3476 2049 3527 in
2082 3473 2335 3539 vaginam,
2358 3471 2539 3535 stipite
2559 3486 2645 3522 co·

1586 3555 1818 3606 eruente.

1651 3634 1884 3681 Fuerunt
1900 3636 1956 3680 et
1978 3627 2243 3688 coriacea’,
2257 3624 2419 3674 instar
2433 3623 2646 3686 utrium,

1585 3714 1817 3760 consutae
1840 3722 1870 3756 e
1893 3705 2053 3764 corio,
2076 3710 2133 3753 et
2156 3701 2366 3766 juncta!
2386 3713 2528 3749 saevo
2552 3706 2647 3749 aut

1586 3786 1739 3849 adipe
1758 3785 1897 3833 circa
1916 3787 2135 3842 suturas,
2164 3793 2230 3828 ne
2268 3783 2612 3841 evaporat-ent
2628 3793 2646 3827 κ

1587 3875 1769 3925 eaeque
1790 3857 2125 3922 erigebantur
2146 3854 2212 3904 ad
2232 3868 2436 3902 murum
2457 3852 2647 3916 spiritu

1587 3935 1797 3997 inflatae,
1816 3942 1869 3983 et
1893 3933 2090 3983 dabant
2109 3943 2399 3981 ascensum.

1653 4015 1886 4063 Fuerunt
1927 4015 1985 4059 et
2014 4009 2290 4068 retieukztoe,
2328 4003 2395 4053 ad
2432 4016 2643 4070 quarum

1587 4090 1903 4142 summitates
1923 4086 2058 4135 hami
2076 4082 2288 4148 adjecti,
2307 4087 2365 4131 ut
2380 4086 2646 4130 murorum

1586 4169 1767 4233 pinnas
1803 4161 2268 4228 apprehenderent.
2351 4154 2451 4207 11oe
2484 4155 2645 4208 dictae

1583 4244 1744 4295 etiam
1766 4239 2004 4292 Nautium.
