3100 4925
525 421 701 492 1500

1233 437 1299 485 G.
1319 429 1711 484 'CORNELII
1754 421 2011 480 ‘merri

2404 421 2501 497 [Α.
2518 427 2590 482 υ.
2610 423 2732 482 sm.

411 651 424 660 .
524 594 694 667 rant,
739 586 857 672 qui
912 579 1298 649 censerent.⁸
1351 591 1366 602 ⁹
1382 579 1519 644 Sed
1577 569 1933 654 Consule&
1968 575 2356 640 relationem
2405 567 2729 656 incipere*

527 762 633 806 tur.
687 753 793 803 Nec
810 750 1017 818 desinere,
1033 750 1113 814 qai
1133 748 1410 799 untentian·
1425 723 1713 811 promerent.
1753 744 1824 795 At
1843 742 2049 793 eonsules
2067 753 2159 791 non
2178 739 2286 793 ensi
2314 742 2435 792 suut
2454 701 2732 826 relntieneut

1454 875 1631 901 eeeeee

1635 874 1809 899 mQOO

1338 963 1374 1013 2
1407 959 1510 1010 Ms.
1535 957 1675 1020 Reg.
1692 954 1919 1020 recipere.

1514 1118 1741 1172 NOTAE

592 1254 711 1318 δυο]
775 1255 1022 1309 Quamvis
1059 1249 1231 1307 servos
1264 1254 1593 1305 manumitte-

531 1340 744 1398 rentnae
779 1332 1026 1383 libertate
1059 1332 1332 1391 donarent,
1361 1336 1592 1381 attamen

529 1408 583 1460 in
620 1408 751 1458 tales
786 1408 1001 1458 libertos
1031 1407 1119 1471 jus
1157 1412 1463 1470 patronatus
1496 1403 1594 1453 sibi

531 1473 885 1547 reservabant,
914 1498 1015 1548 quo
1035 1484 1148 1533 illos
1171 1482 1224 1531 in
1245 1480 1491 1546 obsequio
1513 1494 1593 1531 re·

532 1558 780 1609 tinerent.

593 1634 683 1683 Sic
726 1635 846 1694 lege
899 1633 1084 1698 Papia,
1122 1648 1237 1698 quae
1273 1631 1596 1696 temporibus

532 1706 761 1773 Augusti
791 1711 897 1759 lata
918 1715 1016 1770 est,
1035 1700 1266 1771 cautum,
1287 1714 1346 1757 ut
1363 1722 1428 1757 ex
1447 1707 1597 1756 bonis

530 1786 645 1851 ejus
663 1785 855 1847 liberti,
876 1785 964 1850 qui
987 1785 1060 1837 H.
1079 1784 1134 1833 S.
1155 1791 1361 1834 centum
1383 1782 1596 1836 millium

528 1859 897 1926 patrimonium
932 1859 1233 1923 reliquerat,
1268 1859 1413 1924 (sunt
1444 1861 1595 1907 2500.

529 1936 785 1999 coronati,
828 1949 919 1985 seu
950 1931 1317 1996 ⁷600.1ibrae‚)
1345 1937 1402 1982 et
1423 1931 1599 1996 pauci-

528 2025 647 2061 ores
667 2025 822 2075 quam
860 2008 1195 2059 tres'liberos
1224 2007 1468 2068 babebat,
1484 2006 1595 2055 sive

526 2086 574 2136 is
617 2089 930 2134 testamento
970 2082 1133 2145 facto,
1170 2083 1280 2132 sive
1315 2082 1596 2131 intestatus

529 2167 763 2212 mortuus
802 2167 937 2225 erat,
981 2159 1148 2210 virilis
1197 2173 1318 2224 pars
1374 2166 1596 2223 patrono

532 2235 833 2287 deberetur.
921 2299 924 2302 ,

574 2311 765 2382 Itaque
783 2328 900 2365 enm
915 2327 1070 2363 unum
1087 2312 1294 2379 quidem
1309 2310 1470 2362 filium
1487 2311 1594 2360 hae-

532 2388 708 2439 redem
751 2390 1035 2455 reliquerat
1080 2389 1318 2451 libertus,
1372 2387 1592 2453 perinde

534 2464 655 2530 pars
676 2467 846 2516 media
867 2466 1159 2516 debebatur
1184 2471 1422 2531 patrono,
1439 2472 1509 2514 'ae
1546 2464 1591 2514 si

531 2542 578 2591 is
600 2543 711 2593 sine
731 2542 837 2592 ullo
859 2540 966 2619 filio
998 2541 1169 2592 filiave
1204 2542 1480 2592 intestatus
1503 2540 1594 2590 de-

534 2617 797 2667 cessisset.

598 2693 729 2742 Cum
777 2705 902 2743 vero
947 2691 1074 2742 duos
1127 2691 1319 2743 duasve
1362 2691 1598 2742 baeredes

532 2768 835 2834 reliquerat,
857 2769 1016 2819 tertia
1036 2782 1154 2834 pars
1189 2767 1475 2820 debebatur
1505 2783 1598 2833 pa·

534 2853 687 2897 trono
713 2862 727 2895 :
783 2846 828 2896 si
887 2852 994 2897 tres
1029 2847 1330 2911 reliquerat,
1382 2845 1600 2910 repelle-

533 2921 689 2972 batur
734 2927 1005 2985 patronns.
1083 2922 1223 2972 Item
1264 2929 1326 2971 ut
1358 2914 1617 2984 libertuss

532 2997 618 3062 qni
642 2997 768 3046 duos
792 2996 982 3046 liberos
1004 2996 1059 3044 in
1080 3001 1341 3060 potestate
1351 2988 1599 3061 liaberet,

530 3085 806 3136 operarum
827 3071 1141 3135 obligatione
1162 3071 1489 3124 liberaretur.

595 3154 613 3183 ⁸
647 3148 750 3197 Nec
770 3149 981 3210 deerant,
996 3147 1076 3211 qui
1098 3145 1358 3210 censerent]
1403 3148 1595 3197 Cense-

532 3224 660 3275 bant
683 3223 834 3286 pauci
864 3236 1080 3289 nempe,
1096 3223 1367 3272 revocandoe
1400 3222 1595 3273 liberta-

527 3299 686 3362 tisjus
696 3299 912 3362 patronis
931 3299 1154 3348 dandum
1176 3313 1307 3350 esse.
1375 3300 1474 3348 Sed
1487 3315 1595 3349 eon-

529 3370 653 3426 sules
682 3375 955 3425 relationem
977 3374 1185 3440 incipere
1219 3390 1310 3425 non
1332 3375 1437 3425 nusi
1456 3381 1596 3439 sunt,

532 3452 823 3503 inconsulto
858 3451 1071 3517 principe
1087 3468 1104 3501 .·
1135 3451 1189 3501 id
1223 3457 1322 3515 est,
1342 3451 1452 3515 jam
1489 3450 1593 3500 Pa-

533 3533 642 3580 tres
690 3528 993 3595 promebant
1030 3527 1358 3597 sentenssam,
1390 3533 1446 3577 et
1481 3540 1593 3576 rem

528 3605 667 3657 hanc
722 3604 1080 3668 proponebant
1132 3604 1186 3652 iu
1239 3609 1438 3668 senatu,
1483 3609 1595 3652 tan-

535 3694 688 3745 quam
710 3680 764 3729 id
788 3695 819 3730 e
845 3679 1051 3743 Repub.
1070 3684 1244 3739 esset3
1287 3684 1342 3727 et
1369 3678 1469 3727 hoe
1499 3678 1592 3741 ju's

530 3755 716 3810 habuit
733 3755 899 3821 quivis
912 3761 1137 3805 senator.
1200 3753 1445 3805 Attamen
1466 3767 1594 3804 non-

532 3829 657 3881 dum
716 3829 1017 3884 referebant
1061 3831 1318 3890 consules,
1365 3829 1594 3881 nondum

533 3906 838 3973 relationem
892 3906 1233 3969 incipiebant,
1280 3904 1405 3970 quin
1451 3905 1596 3969 prins

534 3984 829 4036 adulatione
885 3988 977 4033 aut
1018 3987 1162 4032 metu
1215 3981 1631 4032 consuluissent‘

535 4060 842 4129 principem.

597 4136 732 4188 Haee
754 4139 902 4191 certe
923 4131 1119 4184 malitia
1158 4139 1448 4197 temporum
1494 4131 1597 4183 fu'it

501 4215 672 4280 ⁴iuter·
714 4212 856 4275 alias,
890 4210 952 4261 u't
982 4224 1102 4275 quae
1137 4215 1311 4259 essent
1332 4223 1363 4258 e
1387 4194 1592 4274 Repub.

532 4287 728 4341 referre
750 4288 962 4354 nollent,
983 4290 1074 4336 aut
1089 4298 1191 4337 non
1204 4283 1458 4336 auderent
1470 4290 1593 4336 con-

1671 1251 1828 1312 sules,
1850 1248 2008 1299 etiam
2043 1249 2104 1297 ut
2140 1243 2342 1296 faveret
2365 1243 2606 1309 princeps
2626 1238 2738 1295 se'r·

1671 1328 1749 1377 vis
1771 1326 2073 1389 libertisque
2097 1324 2340 1374 adversus
2364 1322 2618 1371 dominos.
2664 1321 2740 1371 Et

1673 1403 1864 1469 alioqui
1886 1417 1987 1451 non
2005 1400 2130 1450 levis
2149 1398 2394 1448 momenti
2411 1395 2511 1446 fuit
2531 1396 2585 1445 in
2605 1395 2736 1474 9⁰¹3?

1671 1480 1828 1530 licum
1850 1493 1912 1528 ea
1933 1476 2260 1538 deliberatio,
2305 1489 2370 1524 an
2407 1465 2733 1524 libertas‘s'e·

1672 1557 1776 1607 mel
1805 1556 1926 1606 data
1958 1551 2192 1603 revocari
2221 1555 2403 1615 posset
2424 1566 2455 1599 a
2477 1545 2693 1613 patrono
2713 1564 2733 1608 3

1673 1647 1773 1686 nee
1787 1632 1840 1681 id
1874 1631 1959 1681 vel
1982 1628 2202 1694 proponi
2227 1626 2397 1691 potuit
2418 1627 2527 1675 sine
2551 1628 2737 1674 tumul·

1676 1714 1736 1757 tu
1758 1707 1932 1772 aliquo
1953 1705 2021 1754 ob
2051 1702 2439 1753 multitudinem
2472 1714 2737 1773 servorum

1672 1782 2100 1847 libertorumque,
2121 1778 2260 1829 forte
2284 1784 2336 1826 et
2358 1773 2740 1826 conniventiam

1676 1859 1901 1922 ipsorum
1943 1862 2319 1921 patronorum;
2357 1857 2446 1900 aut
2484 1851 2643 1901 etiam
2672 1849 2740 1899 ob

1662 1932 1908 1984 favorem
1953 1929 2349 1991 dominantium,
2399 1942 2490 1978 seu
2531 1926 2741 1976 liberto·

1675 2027 1791 2062 rum
1814 2011 2114 2062 aulicorum.

1733 2087 1923 2151 Itaque
1966 2085 2200 2135 consules
2234 2098 2344 2133 rem
2375 2082 2737 2147 referre-apud

1671 2169 1849 2230 patres
1870 2177 1971 2212 non
2007 2161 2137 2225 ansi,
2158 2159 2486 2225 perscribunt
2517 2151 2740 2225 principi

1671 2253 1978 2289 eonsensum
2022 2242 2250 2296 senatus,
2283 2244 2339 2286 et
2373 2235 2428 2285 id
2458 2236 2616 2286 decus
2637 2234 2738 2300 ipsi

1672 2315 1928 2376 tribuunt,
1968 2319 2025 2364 ut
2066 2314 2148 2368 ille
2186 2319 2350 2372 auctor
2391 2314 2740 2366 constitutionis

1655 2391 1827 2458 fieret,
1862 2396 1918 2441 ut
1959 2405 2148 2455 nempe
2184 2389 2315 2440 inter
2351 2405 2547 2454 paucos,
2580 2382 2739 2454 qui‘ei

1670 2468 1939 2531 sententie,
1985 2482 2078 2518 seu
2113 2466 2387 2519 consensui
2420 2473 2630 2517 senatus
2650 2465 2738 2517 ad·

1670 2550 2028 2597 versarentur.
2696 2546 2721 2605 ᾖ

1742 2621 2050 2685 Quibusdam,
2071 2620 2123 2670 id
2147 2626 2249 2686 est,
2288 2621 2474 2685 paucis
2495 2620 2596 2671 illis
2621 2635 2740 2670 con·

1676 2697 1854 2748 sensui·
1871 2703 2075 2762 patrum
2093 2697 2343 2762 adversis,
2359 2697 2445 2763 qui
2458 2697 2742 2747 censebant

1677 2771 1912 2822 revocari
1953 2771 2144 2839 debere
2183 2771 2515 2835 libertatem
2567 2773 2652 2837 qui
2686 2777 2744 2822 et

1676 2846 1777 2910 ipsi
1799 2845 2106 2912 fremebant,
2138 2848 2359 2899 coalitam
2388 2848 2606 2898 libertate
2624 2848 2742 2898 irre·

1674 2923 1932 2977 verentium
1954 2939 2008 2974 eo
2030 2936 2191 2989 usque
2207 2924 2501 2988 prorupisse,
2522 2923 2643 2973 utvi
2663 2922 2738 2988 κέ,

1673 3013 1738 3048 nn
1767 3014 1896 3063 «equo
1919 3014 2023 3048 cum
2041 2998 2381 3063 patronisjnre
2399 3003 2612 3061 agerent,
2632 3013 2737 3047 sen-

1672 3076 1871 3126 tentiam
1891 3091 2068 3140 eorum,
2095 3090 2282 3147 nempe
2300 3083 2612 3135 senatorum,
2644 3088 2738 3125 sen
2760 3070 2767 3076 ’

1671 3151 1897 3217 ipsorum
1936 3160 2287 3219 patronorum,
2316 3155 2648 3217 consultarent,
2685 3168 2741 3202 ae

1671 3228 1942 3279 verberibus
1961 3244 2127 3278 mannis
2151 3231 2277 3279 ultro
2302 3228 2618 3293 intenderent,
2648 3226 2739 3278 ad-

1672 3316 1852 3353 versus
1875 3310 2119 3374 patronos
2152 3318 2358 3369 nempe,
2390 3305 2738 3368 impellerentur

1671 3377 1834 3442 ipsos,
1881 3372 2066 3442 poenan's
2117 3394 2251 3428 suam
2280 3379 2355 3430 sie
2402 3380 2740 3445 dissuadentes.

1675 3452 1832 3504 Forte
1854 3453 1955 3517 leg.
1987 3455 2305 3519 impellerent,
2334 3455 2409 3504 vel
2435 3454 2511 3505 sie
2543 3469 2731 3520 poenan

1671 3543 1805 3578 suam
1827 3529 2165 3579 dissuadentes.

1737 3602 1807 3653 Τὸ
1822 3605 2129 3668 impellerent,
2156 3602 2210 3654 id
2234 3609 2334 3670 est,
2352 3619 2518 3655 manas
2538 3618 2641 3656 non
2662 3618 2740 3655 so-

1672 3680 1779 3729 lum
1797 3680 2109 3743 intenderent,
2131 3679 2224 3729 sed
2259 3683 2420 3731 etiam
2448 3680 2741 3746 inipeuereeoe

1675 3771 1738 3806 ac
1777 3757 2052 3821 pulsarent
2087 3770 2203 3806 suos
2236 3763 2497 3820 patronos.
2560 3755 2625 3806 Τὸ
2640 3761 2738 3822 pa*-

1673 3847 1803 3894 nam,
1826 3833 1881 3881 id
1916 3833 2147 3895 est-,boe
2178 3833 2313 3896 loeo,
2349 3832 2735 3883 revocationem

1672 3907 1952 3971 libertatis,
1972 3909 2057 3958 vel
2085 3907 2140 3957 in
2163 3921 2356 3973 genere
2377 3909 2739 3974 quodcumque

1677 3984 2005 4049 supplicium.

1739 4059 1845 4109 Sed
1868 4072 2090 4124 quaeres,
2113 4057 2252 4109 uude
2284 4054 2556 4109 eonsensum
2590 4054 2736 4108 illum

1674 4134 2074 4185 saintushabere
2113 4134 2386 4198 potueriat
2419 4133 2738 4197 eonsules,·s'i

1668 4210 1906 4260 nondun
1914 4209 2190 4261 relationem
2204 4206 2537 4277 inceperant,⁶
2550 4210 2596 4259 si
2612 4216 2738 4259 non·-

1671 4286 1791 4338 dem
1843 4291 2154 4363 rogaverant
2202 4290 2381 4353 patres
2417 4285 2544 4359 quid
2572 4278 2732 4338 senti*-
