3100 4925
524 391 699 459 1258

1195 407 1263 455 Ο.
1309 404 1676 456 CORNELII
1725 404 1981 452 'mom

2404 408 2496 476 [Α.
2512 407 2586 462 15.
2601 413 2720 465 sos.

519 548 780 614 interim
824 545 1250 629 designatus?
1296 547 1776 611 Proconsulare
1823 545 2210 629 imperiumw
2257 551 2447 611 extra
2487 547 2718 610 urbem

520 734 721 784 interea
737 731 1036 796 designatus
1057 732 1249 797 Consul,
1264 735 1680 798 proconsularem
1697 739 2009 798 potestatem
2028 739 2176 784 extra
2198 734 2465 785 civitatem
2483 732 2721 796 haberet,

1473 988 1483 996 ,
1507 925 1727 977 Nom:

586 1062 610 1086 v
642 1054 958 1119 Designatus]
1005 1057 1134 1106 Cum
1158 1058 1405 1107 Consules
1426 1059 1584 1120 desig-

521 1136 684 1180 natum
708 1134 953 1181 Consulem
973 1135 1347 1196 renuntiarent,
1365 1126 1586 1184 vota'so-

522 1207 693 1256 lennia
712 1222 808 1271 pro
830 1209 945 1272 ipso
980 1214 1035 1258 et
1067 1224 1165 1274 pro
1198 1211 1402 1275 Repub.
1426 1210 1584 1262 facie-

503 1283 666 1345 bant.
751 1284 940 1332 Cicero
975 1299 1069 1348 pro
1110 1286 1377 1337 Muraena:
1412 1289 1427 1315 ‘
1452 1289 1583 1337 Cum

521 1356 833 1419 publicaret,
853 1363 914 1408 ut
948 1374 1011 1408 ea
1044 1374 1129 1409 res
1160 1361 1284 1410 mihi
1318 1362 1585 1425 magistra-

524 1432 705 1496 tuique
748 1446 881 1495 meo,
922 1437 1111 1498 populo
1148 1437 1393 1502 plebique
1434 1440 1582 1489 Rom.

524 1508 655 1557 bene
679 1522 739 1557 ac
761 1508 988 1560 feliciter
1010 1513 1279 1565 eveniret!
1329 1515 1481 1566 Quod
1503 1530 1585 1565 so-

507 1583 678 1632 ›leuue
704 1589 876 1633 tamen
895 1585 1052 1635 fuisse
1076 1593 1223 1650 puto,
1257 1588 1310 1636 in
1350 1589 1584 1640 omnibus

523 1658 707 1722 coeptis
728 1659 1017 1725 edictisque
1041 1661 1334 1713 Consulum.

588 1736 667 1784 Eo
702 1735 786 1784 die
823 1751 924 1801 quo
948 1739 1176 1788 Consules
1194 1739 1433 1802 designati
1471 1757 1586 1806 gra-

524 1811 798 1861 tulantium
828 1811 997 1863 officia
1029 1815 1385 1880 excipiebant,
1401 1819 1588 1868 laureas

524 1887 858 1950 imponebant
877 1891 1063 1941 statuis
1084 1893 1337 1957 majorum
1360 1909 1587 1946 suorum.

526 1963 635 2011 Cic.
658 1963 783 2013 ibid.
851 1967 1043 2015 Literae
1066 1967 1131 2015 ad
1154 1974 1387 2017 senatum
1417 1971 1587 2019 missae

524 2035 785 2085 dabantur
825 2039 1134 2088 Consulibus
1173 2041 1480 2105 designatis,
1531 2050 1587 2092 et

511 2125 660 2163 cum.
680 2112 932 2161 Consules
974 2116 1290 2180 retulissent,
1327 2123 1434 2164 tum
1481 2118 1587 2180 pri-

511 2201 635 2237 Jnus
694 2189 885 2237 Consul
925 2188 1225 2253 designatus
1270 2193 1586 2242 sententiam

522 2263 834 2326 rogabatur:
872 2265 947 2314 sic
971 2281 1081 2315 aevo
1104 2267 1413 2332 principum.

590 2338 668 2387 Ut
697 2339 978 2403 juvenibus
1016 2357 1119 2391 non
1158 2344 1332 2394 statim
1364 2345 1586 2396 dabatur

524 2416 816 2490 consulatus
852 2419 985 2469 bene
1020 2421 1304 2471 constituta
1339 2424 1587 2487 Republi-

521 2506 601 2553 ca,
632 2491 706 2542 ita
728 2508 895 2557 neque
929 2501 1114 2545 statuae
1138 2496 1297 2547 decus
1318 2498 1381 2547 iis
1405 2500 1587 2549 decer-

507 2567 763 2628 nebatur.
843 2570 1099 2619 Concessa
1120 2573 1282 2621 vestis
1303 2571 1585 2636 triumplia-

500 2644 648 2705 ‚lium
679 2644 877 2693 Neroni
904 2645 1105 2709 juveni,
1125 2661 1228 2696 non
1262 2652 1435 2696 tamen
1474 2649 1582 2698 effi-

523 2718 634 2781 gies
656 2719 994 2783 triumphalis.

587 2797 659 2845 Et
679 2802 824 2845 errat
845 2797 1092 2862 Velleius,
1113 2814 1229 2850 cum
1259 2800 1335 2850 sic
1371 2801 1438 2850 de
1475 2800 1582 2851 Au-

525 2879 677 2935 gusto
700 2872 895 2936 juvene
915 2874 1126 2924 scribit:
1172 2877 1188 2903 ‘
1212 2877 1344 2924 Eum
1375 2882 1582 2926 senatus

523 2949 826 2996 honoratum
849 2950 1080 3012 equestri
1099 2955 1290 3010 statua,
1318 2955 1417 3000 ὅτε.
1461 2966 1578 3014 pro·

522 3026 800 3082 proetorem
822 3036 923 3070 una
942 3037 1059 3071 cum
1076 3024 1385 3073 Consulibus
1409 3026 1579 3091 desig-

523 3096 659 3144 natis
698 3096 876 3146 Hirtio
913 3106 968 3145 et
1009 3099 1195 3161 Pansa,
1235 3099 1426 3150 bellum
1464 3117 1584 3152 cum

513 3170 753 3221 -Antonio
777 3187 955 3235 gerere
969 3174 1156 3237 jussit)

586 3249 723 3298 Nam
748 3249 933 3298 Cicero
956 3265 1073 3299 cum
1096 3257 1317 3300 statuam
1338 3252 1584 3303 decerne-

507 3331 607 3383 ‚ret
640 3326 860 3389 Lepido,
900 3326 1079 3376 addit:
1126 3331 1143 3356 ‘
1169 3329 1284 3378 Nec
1320 3343 1444 3378 vero
1479 3330 1585 3379 cui-

516 3416 675 3528 agam
712 3416 976 3467 possumus
998 3419 1416 3467 commemorare,
1448 3408 1586 3455 hunc

588 3493 762 3529 norem
800 3494 831 3527 a
868 3489 1049 3530 senatu
1084 3481 1354 3544 tributum,
1382 3482 1586 3544 judicio

511 3562 730 3604 -senatns
754 3556 925 3604 soluto
945 3563 1001 3605 et
1022 3555 1218 3606 libero.’

583 3635 733 3686 Quod
753 3637 951 3686 factum
974 3636 1267 3700 dictumque
1283 3651 1418 3685 anno
1431 3641 1545 3688 711.
1567 3652 1581 3686 z

522 3717 580 3760 at
626 3711 833 3760 Hirtius
877 3718 933 3760 et
974 3712 1143 3761 Pansa
1186 3726 1288 3760 non
1331 3711 1584 3775 designati

513 3787 771 3836 Consules
789 3801 920 3835 anno
938 3791 1025 3835 711
1036 3821 1067 3849 .,
1078 3787 1169 3836 sed
1184 3803 1317 3838 anno
1329 3788 1585 3851 superiori

505 3865 671 3922 ‚⁷104
729 3874 830 3924 quo
875 3868 1107 3924 tempore
1132 3862 1355 3911 nondum
1391 3869 1579 3914 statuae

517 3936 764 3985 honorem
785 3943 1061 3999 acceperat
1083 3938 1421 3988 Octavianus.

583 4012 656 4060 Et
693 4010 821 4062 licet
858 4025 979 4060 mox
1016 4017 1302 4078 acceperit,
1333 4015 1387 4062 id
1425 4021 1578 4065 extra

465 4123 490 4129 -
515 4085 768 4149 ordinem,
799 4093 858 4136 et
892 4088 1193 4151 urgentibus
1226 4090 1392 4139 causis
1427 4092 1575 4141 fatis-

517 4173 639 4227 que,
674 4168 733 4212 et
775 4163 979 4226 Repub.
1023 4162 1135 4214 fere
1181 4180 1463 4230 oppressaz
1519 4173 1577 4217 et

517 4238 641 4309 quia
657 4239 811 4292 nullas
833 4245 941 4291 tum
978 4240 1123 4306 leges
1148 4241 1417 4309 valebant,
1442 4242 1577 4309 jam·

1665 1072 1765 1123 que
1786 1057 1901 1108 fere
1921 1058 2045 1107 nihil
2059 1056 2209 1121 prisci
2229 1055 2391 1105 moris.

1727 1134 1884 1196 Atque
1914 1133 2109 1183 interim
2145 1128 2440 1193 designatus]
2503 1129 2621 1180 Jam
2643 1128 2721 1176 de·

1661 1209 1878 1271 signatus
1896 1214 2009 1257 erat
2031 1207 2223 1256 Consul
2243 1207 2385 1254 Nero
2406 1221 2419 1265 ;
2454 1204 2532 1253 ita
2550 1211 2722 1252 tamen

1665 1293 1723 1334 ut
1743 1284 2065 1334 consulatum
2087 1283 2328 1332 vicesimo
2362 1285 2565 1329 tantum
2601 1284 2726 1328 aetav

1663 1361 1732 1411 tis
1768 1376 1901 1410 anno
1936 1360 2109 1422 iniret,
2145 1358 2544 1421 obtineretque;
2593 1355 2726 1405 scili·

1663 1445 1751 1488 cet
1771 1443 1889 1502 post
1908 1435 2326 1503 quinquennium.

1726 1514 1892 1579 quue
1914 1513 2155 1576 exemplo
2176 1509 2421 1573 Augusti,
2444 1507 2531 1571 qui
2552 1521 2616 1556 ea
2637 1505 2725 1555 de·

1663 1607 1784 1641 cora
1807 1590 1978 1641 omnia
2000 1589 2296 1639 obtinuerat
2316 1585 2437 1636 filiis
2473 1586 2576 1634 suis
2597 1585 2724 1634 Caio

1664 1674 1720 1717 et
1758 1667 1918 1717 Lucio
1953 1664 2259 1726 Caesaribus,
2290 1668 2351 1711 ut
2383 1666 2535 1725 patet
2556 1674 2622 1709 ex
2654 1660 2727 1709 la·

1665 1742 1789 1806 pide
1811 1741 2106 1804 Ancyrano.

1728 1825 1763 1852 '¹
1809 1819 2144 1867 Proconsulare
2179 1813 2448 1877 imperium]
2512 1810 2726 1861 Initium

1667 1895 1863 1959 fastigii
1900 1892 2221 1943 Caesaribus:
2274 1889 2408 1954 quod
2449 1903 2514 1938 ea
2549 1895 2727 1936 mente

1666 1971 1824 2020 etiam
1845 1968 2157 2019 Germanico
2180 1965 2433 2015 tributum
2467 1962 2586 2024 fuit,
2625 1963 2663 2012 l.
2687 1975 2729 2012 1.

1666 2046 1875 2108 Lipsius.

1706 2120 2071 2171 Prooomlare
2091 2115 2338 2180 imper-mm
2370 2120 2512 2164 extra
2541 2111 2728 2175 urbem]

1666 2195 2047 2244 Proconsulare
2092 2191 2362 2256 imperium
2419 2204 2522 2238 non
2577 2188 2729 2237 unius

1667 2270 1890 2335 generis.
1971 2269 2131 2318 Aliud
2153 2265 2504 2321 ordinarium·
2489 2299 2506 2326 ,
2538 2276 2727 2326 nempe

1667 2362 1783 2396 cum
1815 2347 1896 2394 vir
1930 2344 2210 2395 consularis
2230 2357 2324 2407 pro
2344 2356 2492 2391 more
2513 2347 2570 2389 et
2590 2338 2733 2388 insti·

1667 2429 1782 2473 tuto
1804 2422 2027 2487 Reipub.
2067 2426 2207 2472 sorte
2243 2425 2335 2469 aut
2363 2418 2512 2483 jussu
2547 2414 2730 2480 populi

1666 2500 1816 2548 Rom.
1837 2500 2137 2548 mitteretur
2156 2497 2208 2545 in
2231 2494 2731 2559 provinciam,quam

1665 2574 1974 2637 proconsule
2009 2577 2234 2635 regeret.
2300 2569 2458 2619 Aliud
2499 2573 2732 2619 extraor-

1665 2649 1949 2709 dinarium;
2001 2663 2118 2697 cum
2149 2659 2336 2709 nempe
2371 2644 2604 2708 privatus
2640 2642 2734 2691 ali-

1666 2725 1778 2789 quis
1818 2725 2123 2773 mitteretur
2165 2723 2218 2771 in
2258 2721 2578 2785 provinciam
2616 2733 2730 2768 cer·

1663 2808 1788 2864 tam,
1809 2806 1868 2850 ut
1890 2799 2037 2849 sociis
2058 2799 2127 2848 ibi
2150 2802 2207 2847 et
2228 2796 2543 2846 exercitibus
2564 2795 2731 2859 impe·

1662 2884 1823 2940 raret,
1858 2891 1955 2940 pro
1994 2882 2242 2942 praetore‘
2262 2879 2354 2923 aut
2392 2887 2484 2936 pro
2519 2872 2729 2922 consule

1660 2952 1804 3017 (nam
1828 2952 1879 3001 in
1902 2966 1959 3000 re
1984 2951 2124 3000 idem
2145 2948 2266 3014 est),
2279 2950 2352 2997 ita
2366 2956 2540 2997 tamen
2559 2954 2620 2997 ut
2641 2962 2733 3012 po·

1660 3033 1823 3077 testas
1859 3027 2043 3090 ipsius,
2078 3026 2226 3090 hujus
2271 3023 2552 3089 provincias
2595 3022 2728 3073 fines

1664 3118 1767 3153 uon
1789 3102 2089 3152 excederet.

1729 3178 1904 3227 Etiam
1942 3176 2408 3227 extraordinarium
2450 3174 2572 3238 fuit,
2610 3188 2728 3224 cnm

1662 3255 1964 3303 mitteretur
1984 3253 2188 3317 aliquis,
2205 3252 2292 3316 qui
2314 3250 2595 3314 dignitates
2612 3251 2733 3300 Rei·

1664 3331 1790 3394 pub.
1834 3330 2183 3390 obtinuisset,
2204 3333 2262 3377 ut
2301 3328 2583 3398 imperaret
2623 3339 2729 3374 non

1663 3407 1752 3455 uni
1791 3414 1949 3455 certae
1991 3403 2291 3468 proviiicia‘,
2323 3402 2417 3451 sed
2455 3402 2530 3449 ita
2569 3409 2630 3449 ut
2661 3401 2730 3450 ad

1663 3483 1838 3546 plures
1859 3481 2103 3531 finitimas
2124 3477 2424 3541 provincias
2452 3476 2612 3526 etiam
2633 3476 2730 3526 im·

1663 3558 1861 3621 perium
1919 3554 2248 3616 extenderet,
2301 3551 2376 3602 sic
2431 3553 2730 3615 postulante

1663 3631 1977 3682 necessitate
1996 3644 2168 3679 rerum
2191 3633 2248 3677 et
2271 3628 2394 3677 belli
2414 3644 2430 3688 3
2464 3627 2539 3676 ita
2555 3634 2729 3677 tamen

1663 3713 1723 3757 ut
1760 3708 1888 3756 illud
1944 3706 2218 3769 imperium
2263 3703 2541 3753 limitatum
2583 3709 2728 3753 esset

1662 3785 1779 3835 loco
1799 3790 1943 3833 certo
1965 3790 2020 3832 et
2045 3792 2296 3844 tempore.
2701 3800 2705 3803 >

1726 3858 2208 3911 Extraordinarium
2223 3856 2381 3905 etiam
2401 3856 2729 3920 proconsulare

1659 3939 1931 4003 imperinm
1954 3936 2069 3996 fuit,
2090 3948 2205 3984 cum
2225 3934 2424 3983 consuli
2453 3933 2727 3994 designato

1657 4015 1872 4065 daretur
1921 4019 2075 4062 extra
2117 4010 2345 4059 ordinem
2390 4023 2454 4058 ea
2493 4013 2725 4072 potestas

1655 4095 1809 4140 extra
1829 4088 2042 4150 Urbem,
2066 4101 2166 4135 non
2190 4086 2463 4135 limitatam
2492 4085 2611 4133 loco
2621 4089 2721 4133 ant

1655 4171 1923 4230 tempore.
1958 4163 2124 4228 qualis
2145 4164 2242 4213 hoc
2266 4163 2382 4212 loco
2399 4160 2576 4212 Tacit.
2599 4172 2722 4254 con·

1656 4239 1861 4293 ceditur
1878 4239 2082 4293 Neroni
2101 4252 2134 4290 a
2151 4236 2388 4291 Claudio.
2444 4279 2451 4282 ἡ
2490 4278 2497 4284 ,
