3100 4925
489 413 666 480 1284

488 594 631 640 rum
645 572 711 639 :’⁸
736 570 934 637 simul
951 570 1023 636 in
1040 571 1264 637 lucum
1294 574 1741 656 propinquum
1761 573 1984 649 trahit,
2003 575 2025 607 ‘
2051 572 2392 656 provisum
2418 570 2556 637 illic
2588 588 2697 635 sa-

491 671 842 742 crificiumb
857 675 1250 754 imperatum
1260 673 1304 712 ’¹
1329 674 1669 753 dictitanS,
1696 678 1717 708 ‘
1747 681 1819 739 ut
1847 675 2000 739 Diis
2027 677 2306 740 testibus
2323 695 2461 759 pax
2475 674 2698 741 firm&

490 774 713 842 retur-‚⁹
761 773 920 838 Mos
950 779 1058 839 est
1084 773 1415 857 Regibus,
1447 777 1755 860 quotiens
1783 777 1852 839 in
1876 776 2261 841 societatem
2286 774 2547 854 coeant,
2576 776 2700 843 im-

491 879 748 963 plicare
782 875 1103 955 dextras,⁰
1140 877 1555 961 pollicesque
1582 879 1754 943 inter
1778 897 1852 942 se
1889 879 2158 956 vincire,
2198 877 2498 962 nodoque
2524 898 2697 960 prae-

492 980 806 1062 stringere
822 983 870 1045 :²
900 998 1085 1057 mox,
1113 980 1234 1043 ubi
1264 981 1534 1063 sanguis
1565 985 1747 1045 artus
1775 986 2107 1046 extremos
2137 980 2534 1056 suffuderit,³
2565 979 2699 1046 levi

1192 427 1257 475 c.
1305 425 1671 475 commun
1716 424 1973 477 ‘mern
2356 429 2464 495 ῑΑ.
2487 429 2555 480 11.
2576 432 2695 479 sos.

490 1158 595 1194 non
635 1143 932 1220 pharmaco,
970 1158 1073 1207 quo
1099 1159 1218 1193 eum
1251 1145 1555 1210 perimeret,
1593 1159 1821 1195 usurum.
1862 1144 2017 1194 Simul
2059 1145 2193 1194 illum
2228 1144 2280 1195 in
2314 1145 2520 1196 vicinum
2540 1159 2701 1194 nemus

487 1208 695 1268 abducat,
733 1207 1006 1271 dicebatque
1037 1216 1391 1284 praeparatum
1422 1210 1531 1258 illic
1558 1210 1868 1274 jussumque
1901 1208 2222 1273 sacrificium,
2243 1216 2302 1259 ut
2331 1209 2500 1258 foedus
2539 1208 2702 1258 sanci-

489 1279 652 1334 retur,
675 1272 929 1321 invocatis
951 1272 1016 1320 ad
1037 1272 1091 1320 ld
1113 1274 1429 1324 numinibus.
1475 1276 1586 1322 Mos
1605 1278 1677 1323 est
1700 1274 1906 1337 reg-ibus,
1926 1275 2110 1337 quoties
2121 1288 2283 1336 pacem
2304 1274 2484 1336 ineant,
2503 1275 2699 1323 miscere

489 1339 701 1399 dextras,
732 1340 780 1386 et
796 1336 992 1400 pollices
1028 1336 1228 1388 invicem
1260 1339 1433 1402 ligare,
1462 1339 1650 1404 filoque
1671 1345 1815 1389 arcte
1852 1338 2170 1401 constringere
2181 1355 2201 1398 ,-
2238 1343 2288 1388 et
2322 1338 2417 1403 illi,
2450 1343 2699 1403 postquam

1417 1507 1776 1529 OOOOOOOOOOOO

555 1622 583 1667 1
619 1619 814 1670 Locum
834 1620 969 1672 hunc
993 1623 1081 1672 alii
1107 1622 1258 1674 aliter
1287 1631 1503 1690 vexant,
1522 1627 1658 1690 quod
1680 1627 1764 1676 vel
1795 1626 2051 1691 provisum,
2073 1626 2157 1675 vel
2179 1625 2477 1689 imperatum,
2509 1622 2700 1673 redun-

492 1683 618 1733 dare
650 1684 912 1735 videatur.
990 1688 1219 1752 conjicit
1260 1690 1321 1738 Li
1361 1691 1487 1752 sius,
1509 1693 1705 1754 provisa
1737 1707 1821 1740 suo
1861 1692 1960 1739 illic
1993 1690 2276 1756 sacrificium
2291 1705 2311 1746 ,⁸
2344 1696 2436 1738 aut
2459 1688 2703 1752 provisum

485 1747 590 1796 illic
623 1763 679 1797 no
699 1744 994 1816 sacr-{ficium
1020 1758 1262 1815 paratum.
1325 1704 1599 1816 heinsius,
1689 1755 1866 1804 ουὺαιηι
1882 1755 1983 1804 illio
2003 1754 2231 1819 sacrificio
2262 1750 2509 1816 imperato.
2578 1750 2702 1800 Pro-

487 1811 643 1861 visum
664 1813 717 1861 in
738 1816 965 1879 renisum,
995 1817 1208 1880 (nempe
1229 1817 1382 1866 trahit
1399 1818 1625 1880 reniam,
1669 1825 1840 1869 mutat
1870 1819 1922 1870 J.
1947 1820 2036 1869 Fr.
2061 1818 2385 1877 Gronovius3
2420 1818 2537 1868 Jac.
2558 1816 2700 1865 Gros-

487 1877 667 1925 novius
688 1877 740 1925 in
760 1880 1057 1942 promissum.
1126 1881 1272 1930 Nihil
1308 1889 1477 1932 mutat
1504 1885 1791 1944 Ernestus3
1826 1898 1924 1932 nec
1958 1883 2109 1935 male.
2176 1884 2470 1946 Imperatum
2492 1881 2699 1931 videtur

487 1940 819 2003 sacrificium,
858 1958 976 1992 cum
1008 1942 1343 1995 Mithridates
1393 1948 1519 2003 diem
1559 1949 1794 2009 locumque
1824 1947 2004 2007 foederi
2041 1947 2234 2009 accepit.
2284 1946 2513 1995 Brotier.
2577 1945 2699 1993 Vox

480 2004 722 2065 provisum
759 2020 864 2054 non
901 2007 1226 2058 solicitanda.
1315 2008 1637 2072 Agnoscitur
1674 2012 1812 2060 enim
1857 2027 1889 2059 a
1925 2012 2052 2059 Mss.
2083 2018 2143 2059 ut
2176 2017 2323 2074 puto,
2350 2009 2605 2070 omnibus,
2641 2015 2700 2058 et

489 2067 669 2116 Tacito
701 2072 782 2116 est
812 2067 1106 2119 familiaris.
1148 2082 1257 2121 ΧΠ.
1285 2077 1371 2121 50.
1402 2075 1419 2101 ⁴
1444 2087 1629 2134 parum
1670 2074 1862 2134 provisi
1902 2074 2252 2124 commeatus?
2301 2087 2405 2122 ιιι.
2436 2076 2520 2123 67.
2542 2074 2560 2103 ‘
2582 2086 2701 2136 pro-

487 2130 652 2180 visum
675 2129 784 2193 jam
818 2132 917 2180 sibi
940 2133 1300 2197 Xenophontis
1338 2136 1529 2184 medici
1568 2137 1941 2186 conscientiam
1973 2137 2219 2187 adhibet!
2274 2151 2401 2188 xm.
2427 2142 2509 2188 15.
2529 2136 2547 2165 ‘
2572 2136 2697 2186 olim

490 2194 750 2256 provisum
789 2194 941 2245 erat!
997 2210 1126 2247 xm.
1157 2203 1240 2247 50.
1276 2198 1294 2227 ‘
1320 2200 1518 2264 reliqua
1555 2215 1675 2250 mox
1710 2201 1787 2250 ita
1820 2201 2059 2263 provisa!
2107 2206 2271 2250 xV.4.
2300 2203 2317 2229 ‘
2342 2203 2535 2263 provisi
2575 2208 2699 2250 ante

486 2256 837 2308 commeatus?
893 2273 986 2309 xv.
1007 2265 1089 2312 64.
1110 2262 1407 2326 ‘provisum
1452 2264 1657 2328 pridem
1701 2265 1991 2328 venenum,'
2013 2269 2111 2316 διο.
2196 2266 2482 2315 Fatendum
2519 2277 2697 2315 tamen

485 2321 768 2385 imperatum
788 2323 863 2372 sic
885 2324 1222 2387 superfluere.
1290 2329 1444 2377 Unde
1478 2329 1726 2379 Nicolaus
1764 2330 2006 2379 Heinsius
2039 2330 2280 2393 legebat:
2324 2331 2562 2393 provisum
2594 2331 2697 2381 illic

486 2386 719 2451 saer-{ficio
757 2386 1022 2451 imperato,-
1056 2391 1193 2454 quod
1226 2406 1330 2440 non
1365 2392 1634 2456 displicet.
1668 2395 1996 2458 Κροκέαι-2
2029 2394 2093 2443 In
2130 2395 2261 2444 Mss.
2301 2401 2358 2444 et
2382 2394 2695 2444 editionibus

409 2479 416 2486 ·
486 2450 770 2512 veteribus,
789 2454 1127 2516 perstringere.
1191 2455 1401 2507 Placuit
1435 2464 1609 2507 tamen
1634 2459 2033 2519 recentioribus,
2071 2459 2442 2522 proestringere:
2474 2474 2572 2509 nec
2606 2459 2699 2509 im-

487 2514 695 2563 merito.
730 2515 989 2565 Usitatius
1013 2525 1122 2578 est;
1148 2526 1204 2567 et
1221 2521 1278 2570 iu
1294 2522 1392 2570 hoc
1413 2522 1572 2571 verbo
1588 2525 1777 2586 soepius
1800 2524 2005 2573 variant
2020 2531 2304 2587 ‘errantque
2326 2525 2453 2573 Mss.
2479 2525 2696 2575 Bratier.

487 2582 584 2627 —3
617 2578 844 2630 Brotier.
869 2580 1026 2630 habet
1046 2581 1097 2630 in
1118 2588 1251 2632 artus
1271 2590 1506 2634 extremos
1538 2601 1592 2636 se
1623 2586 1864 2651 effitderit.
1929 2589 2003 2637 Et
2037 2588 2112 2638 sic
2138 2589 2390 2640 Ms.·.les.
2425 2596 2480 2639 et
2513 2602 2699 2639 recen·-

1492 2729 1705 2782 NoTAE

489 2817 692 2884 deesse,
729 2836 787 2871 ne
823 2823 1096 2885 dubitaret3
1135 2841 1290 2892 supp.
1324 2830 1550 2893 experiri

487 2897 635 2980 qrmis
666 2898 836 2963 malle,
870 2916 1023 2965 quam
1044 2903 1341 2976 incruentas
1376 2906 1554 2955 condi·

488 2975 660 3020 tiones
685 2975 944 3038 accipere.

553 3051 578 3077 ⁸
610 3047 723 3096 Non
753 3048 911 3113 ferro,
932 3067 1025 3101 non
1045 3066 1217 3102 veneno
1249 3051 1347 3114 vim
1379 3058 1552 3105 allatu-

485 3119 613 3183 rum]
672 3121 966 3188 Aliquando
1003 3134 1058 3177 et
1094 3128 1274 3178 eodem
1314 3129 1433 3180 dolo
1472 3130 1552 3180 usi

488 3195 638 3244 Rom.
663 3197 908 3250 adversus
928 3202 1067 3265 ipsos
1093 3219 1243 3268 reges
1268 3221 1395 3269 quos
1415 3206 1554 3257 vice-

486 3279 624 3334 rant,
640 3273 682 3322 si
721 3276 980 3327 credimus
1004 3280 1254 3342 Epistolae
1280 3282 1555 3331 Mithrida-

490 3346 557 3396 tis
580 3348 632 3397 in
663 3346 847 3413 fragm.
871 3353 1115 3405 Sallustii.
1134 3358 1149 3382 ‘
1173 3356 1373 3406 Persen
1407 3358 1552 3407 dein-

489 3423 558 3474 de
576 3425 806 3490 Philippi
824 3426 1001 3494 filium,
1017 3438 1138 3493 post
1152 3435 1316 3482 multa
1339 3441 1394 3483 et
1413 3435 1554 3484 varia

486 3504 773 3551 certamina
816 3506 953 3567 apud
1000 3509 1356 3559 Samothracas
1407 3512 1550 3560 Deos

488 3582 760 3638 acceptum
781 3579 832 3626 in
850 3579 1022 3641 fidem,
1046 3584 1220 3632 callidi
1256 3592 1548 3647 repertores

1633 2828 1796 2880 refert
1841 2829 2100 2894 provisum
2140 2827 2467 2890 sacrificium,
2502 2841 2567 2877 au
2598 2827 2696 2877 im·

1631 2914 1869 2970 peratum
1889 2905 2117 2955 dixeris?
2160 2906 2318 2968 Vera,
2333 2909 2478 2968 puto,
2498 2904 2693 2954 lectio:

1634 2983 1841 3032 Proviso
1862 2995 1957 3031 ‘suo
2000 2984 2103 3031 illic
2136 2981 2303 3041 sacrif.
2348 2981 2457 3028 sive
2498 2979 2695 3042 etiam3

1631 3059 1885 3108 Prwisum
1904 3058 2004 3106 illic
2020 3074 2076 3106 ac
2091 3057 2250 3116 sacrifi
2271 3062 2510 3120 puratum.

1710 3132 1878 3184 Video
1924 3132 2050 3184 alios
2068 3133 2333 3197 explicare
2381 3132 2647 3196 vulgatum
2678 3147 2695 3183 τ

1633 3210 1908 3259 Provisum
1926 3210 1996 3258 ibi
2017 3208 2345 3270 sacrificium,
2365 3208 2500 3272 quod
2534 3208 2696 3271 impe-

1633 3291 1830 3334 rasset:
1865 3285 1956 3334 sed
1984 3286 2070 3334 ubi
2094 3284 2158 3333 de
2182 3285 2434 3346 imperato
2470 3281 2695 3344 legitur?

1632 3361 1733 3409 nisi
1778 3360 2023 3424 intelligit
2061 3359 2121 3407 α’
2151 3359 2317 3421 seipso
2360 3358 2692 3419 imperatum.

1632 3437 1844 3500 Lipsius.

1701 3511 1950 3560 Provisum
1991 3509 2112 3572 illic]
2154 3510 2238 3558 Sic
2269 3508 2521 3571 intellige,
2544 3508 2695 3573 quasi

1633 3588 1942 3651 scripsisset,
1958 3586 2198 3649 provisum
2217 3584 2315 3632 illic
2330 3584 2613 3649 sacrificium
2636 3593 2695 3639 et

490 3648 743 3714 perfidiae,
765 3657 885 3718 quia
908 3665 1064 3721 pacto
1088 3660 1245 3708 vitam
1269 3659 1544 3722 dederant,
1624 3662 1907 3725 imperatum
1940 3661 2185 3709 dictitans.
2265 3660 2352 3709 Sic
2393 3674 2532 3723 saepe
2571 3674 2691 3710 con-

487 3737 583 3787 per
604 3726 851 3779 insomnia
876 3733 1155 3782 occidere.'

552 3802 621 3852 Et
638 3804 792 3854 Turci
812 3808 1153 3872 imperatores
1177 3812 1290 3874 pari
1311 3812 1428 3862 duo
1451 3814 1545 3875 usi,

488 3891 639 3943 quem
653 3880 958 3943 juraverant
978 3901 1076 3935 non
1102 3887 1403 3952 violaturos,
1425 3890 1542 3940 dum

486 3954 647 4003 vitam
685 3957 916 4019 haberet,
953 3976 1071 4011 eum
1104 3978 1282 4012 somno
1321 3966 1543 4028 sopitum

487 4043 758 4156 nlecarunt,
779 4039 923 4100 quasi
950 4040 1023 4089 sic
1056 4044 1366 4093 sacramenti
1389 4043 1542 4093 fidem

486 4121 517 4157 e
542 4110 695 4159 usuri.

550 4181 574 4217 ὓ
605 4187 854 4238 Provisum
884 4191 986 4239 illic
1005 4193 1314 4258 sacrificium]
1356 4195 1545 4259 Super-

486 4259 604 4313 fluit
656 4265 870 4317 verbum
907 4268 1147 4320 alterum.
1230 4269 1370 4322 Quid
1406 4272 1545 4322 enim

1615 3735 1911 3798 junctiones
1934 3736 2132 3785 omittit
2146 3736 2374 3786 Tacitus.

1694 3817 1716 3842 ⁰
1753 3811 2003 3873 Implicare
2038 3811 2257 3873 dextras]
2319 3814 2519 3861 Morem
2555 3813 2693 3864 hunc

1628 3885 1922 3934 sanciendae
1947 3886 2185 3949 privatim
2221 3885 2533 3951 publiceque
2569 3888 2695 3937 ami-

1592 3961 1785 4023 ·citiae,
1827 3976 2097 4023 usurpasse
2135 3963 2374 4026 Scythas,
2417 3961 2691 4016 Armenios

1627 4048 1679 4086 et
1701 4039 1752 4086 in
1777 4054 1839 4088 ea
1862 4054 1955 4089 ora
1976 4050 2155 4103 gentes
2178 4042 2301 4105 legi.
2375 4043 2457 4090 De
2477 4042 2691 4106 scythis

1625 4116 1883 4163 Lucianus
1907 4117 1958 4164 in
1973 4117 2180 4176 Toxari,
2203 4119 2311 4167 sive
2333 4116 2686 4167 deAmicitia:

1626 4193 1698 4240 oo
1716 4191 1828 4256 γὰρ,
1851 4193 2121 4255 ἐντεμόντες
2141 4192 2394 4257 ἅπαξτοὴ
2409 4193 2689 4258 δακτύλους,

1627 4266 1983 4332 ἐνσταλάξωμεν
2030 4269 2088 4320 τὸ
2120 4268 2236 4332 αἷμα
2273 4268 2339 4321 εἷς
2374 4268 2562 4332 κύλικα,
2608 4269 2690 4322 καὶ
