3100 4925
400 355 417 368 ‘
493 361 684 429 noo-
1193 377 1271 425 c..
1306 373 1668 424 οοιιιιιιιι
1714 371 1969 421 ‘mom

2364 379 2463 448 [A.
2485 380 2553 440 u,
2576 348 2710 432 sss.-

495 503 617 585 setl
643 500 1139 600 attingentibus-2
1165 516 1515 594 solennia:
1554 529 1680 582 nec
1718 517 1876 599 lege*
1892 516 2031 580 ulla
2054 515 2428 600 prohibita:
2485 522 2559 583 'et
2579 534 2706 584 ³0²--

489 622 861 706 brinarum'
888 618 1004 683 diu
1040 618 1337 701 ignorata
1376 621 1670 700 tempore
1714 616 1939 681 addito
1981 618 2436 700 percrebuisse
2454 629 2505 683 :¹
2545 640 2688 684 mo·-

494 805 701 857 fratris:
737 806 829 857 sed
850 806 950 856 hoec
984 806 1099 856 aliis
1136 804 1427 856 nationibus
1462 810 1710 881 usurpata
1743 808 1947 864 matut,
1965 818 2064 853 nec
2090 806 2194 854 ulls
2212 806 2331 880 lege
2351 809 2476 870 apud
2495 823 2579 857 nos
2598 823 2686 861 ve-

497 872 630 932 tita;
675 872 830 920 ctiam
852 871 1174 923 sobrinarum
1199 870 1288 920 diu
1321 869 1603 933 incognita,
1641 867 1774 917 serie
1798 869 2045 932 temporis
2065 868 2372 931 invaluisse3

1419 1009 1598 1032 0000&

498 1094 679 1159 Lipsio
711 1110 824 1160 pro,
853 1111 961 1160 quo,
992 1096 1229 1147 existimo

497 1166 621 1215 aute
642 1162 949 1245 commeavit
970 1160 1023 1212 J.
1047 1162 1109 1216 F.

2420 872 2586 934 legem,
2606 888 2690 928 sen

1602 1007 1784 1028 OOOOOO

1513 1092 1933 1145 rescribendum:
1987 1094 2041 1143 in
2081 1108 2229 1160 quam
2250 1094 2558 1144 sententiam
2572 1089 2686 1160 jam

1131 1160 1442 1211 Gronovius.
1480 1158 1710 1223 [ἱματίω.

1470 1288 1704 1352 Nom:

496 1402 579 1464 ὅγε.
599 1401 748 1462 deliga·
764 1405 976 1465 oportere
983 1401 1250 1464 soeminam,
1265 1404 1347 1464 ξε.

563 1475 725 1526 Moxz
758 1477 774 1504 ‘
800 1482 855 1527 at
878 1475 1035 1538 enim,
1053 1491 1187 1525 nova
1201 1476 1350 1527 nobis
1373 1474 1427 1526 in
1448 1474 1549 1524 fra-

495 1557 635 1604 trum
677 1552 810 1603 filias
849 1554 1102 1619 conjugia'
1144 1569 1290 1614 esse3
1345 1555 1550 1618 supple,

495 1628 697 1689 orditur,
732 1643 821 1679 seu
855 1630 1090 1679 dissei-itt
1140 1630 1408 1680 concessio
1450 1631 1556 1691 est,

496 1703 642 1767 qnasi
663 1704 884 1766 diceret,
921 1713 1033 1754 esto
1060 1705 1161 1753 sint
1195 1720 1314 1753 nora
1341 1705 1434 1752 illa
1453 1704 1552 1752 Ro-

498 1782 660 1830 manis
681 1782 900 1843 conjugia
918 1797 938 1838 ,·
971 1788 1202 1830 attamen
1219 1779 1555 1841 attingentibus

494 1858 702 1906 solennia
744 1862 870 1922 sunt,
912 1874 995 1907 nec
1025 1859 1122 1908 ulla
1167 1860 1271 1919 lege
1297 1857 1554 1921 prohibita,

494 1932 654 1981 etiam
677 1934 816 1997 apud
838 1935 1127 1986 Romanos..

561 2014 595 2038 '-
616 2007 746 2057 Aliis
770 2008 993 2068 gentibus
1032 2008 1261 2069 solennia]
1315 2006 1557 2056 Anaxan-

497 2081 674 2132 drides
730 2083 866 2131 enim
909 2083 1099 2145 legitur
1153 2083 1343 2132 sororis
1395 2082 1557 2132 filiam

497 2155 723 2221 duxisse,
747 2174 812 2208 ex
835 2173 937 2223 quo
956 2160 1235 2222 Doryeum,
1257 2159 1559 2221 Leonidam,

497 2238 555 2282 et
577 2232 961 2283 Cleombrotum
982 2234 1206 2297 sustulit,
1215 2248 1333 2284 cum
1346 2234 1399 2283 id
1415 2235 1566 2299 apud·

500 2302 716 2357 Graecos
736 2307 937 2358 liceret.
977 2308 1274 2357 Vertraua'us.

561 2383 690 2434 Aliis
705 2385 928 2447 gentibus
958 2384 1188 2447 solennia]
1246 2383 1461 2436 Athonis
1497 2385 1552 2434 id

499 2459 711 2524 placuit,
732 2461 884 2510 testis
903 2459 1068 2509 Isaeus
1101 2459 1230 2511 etin
1262 2461 1429 2523 Lysiae
1447 2459 1558 2510 vita

497 2536 808 2586 Plutarchus
827 2551 842 2598 ς
876 2536 1032 2586 etiam
1051 2543 1106 2587 et
1123 2537 1261 2601 apud
1283 2537 1555 2588 Hebraeos.

497 2606 682 2659 Talem
703 2624 923 2676 namque
957 2610 1252 2661 Abrahamo
1272 2611 1453 2660 Saram
1473 2611 1564 2660 ῆι·-

499 2686 597 2735 isse
617 2686 875 2750 Josephus
912 2692 1093 2750 putat:
1146 2692 1264 2750 post
1285 2687 1459 2736 datam
1478 2689 1555 2736 le-

496 2774 633 2824 gem,
653 2761 809 2810 etiam
832 2761 1070 2810 Herodes
1096 2760 1275 2811 fratris
1297 2761 1375 2810 sui
1395 2760 1554 2813 filiam

501 2836 667 2895 duxit,
689 2843 746 2887 et
768 2851 910 2887 suam
948 2836 1106 2888 filiam
1128 2836 1282 2887 fratri
1310 2837 1554 2888 Pherotae

499 2909 793 2973 despondit.

510 2999 515 3003 ·
563 2985 763 3035 Phineo
784 2990 971 3049 patruo
1003 2986 1254 3050 promissa
1272 2986 1558 3037 Androme-

384 3076 393 3085 ·
497 3059 583 3109 de.
608 3059 764 3110 Ovid.
784 3062 1128 3126 Metamorpb.
1150 3064 1183 3114 l.
1202 3077 1256 3113 v.
1279 3064 1344 3113 Id
1371 3065 1557 3126 permi-

496 3134 568 3184 sit
601 3135 859 3198 Claudius,
887 3137 1054 3186 vetuit
1074 3138 1269 3200 Nerva,
1289 3136 1411 3187 dein
1441 3153 1550 3187 rur-

498 3226 585 3260 sus
609 3211 842 3275 permisit
864 3212 1161 3264 Heraclius.
1208 3208 1328 3263 Nou
1349 3213 1566 3278 dubito,

497 3287 623 3352 quin
643 3289 779 3352 apud
814 3288 1084 3352 AEgyptios
1123 3289 1178 3339 id
1208 3289 1411 3340 licitum
1441 3288 1565 3341 fue--

495 3363 582 3426 rit,
606 3364 696 3413 ubi
712 3369 768 3413 et
789 3377 1016 3413 sororem
1040 3365 1209 3428 Reges
1229 3365 1443 3417 duxere.

560 3445 594 3471 '⁹
625 3438 954 3502 Scor-inarum]
1014 3441 1257 3490 Sobrinss
1306 3442 1552 3505 appellat,

497 3516 671 3566 tomen
693 3516 861 3578 palam
899 3520 998 3577 est,
1020 3515 1241 3579 intelligi
1269 3515 1461 3566 debere
1484 3516 1551 3566 de

495 3589 832 3641 consobrinis.
889 3591 1019 3644 Quis
1039 3592 1177 3641 enim
1203 3592 1302 3642 hoc
1325 3599 1554 3656 censeat,

496 3679 603 3728 eos,
645 3679 774 3730 quos
816 3668 1031 3730 proprie
1078 3666 1330 3728 sobrinus,
1382 3668 1554 3731 legum

495 3745 737 3790 auctores
778 3742 1060 3805 appellant,
1108 3742 1275 3791 arceri
1313 3743 1463 3793 inter¹
1494 3759 1551 3794 se

494 3816 723 3878 nuptiis?
769 3824 1038 3880 nunquam
1059 3816 1274 3870 factum.
1336 3819 1438 3869 Sed
1467 3834 1554 3870 ve

496 3897 635 3941 teres
656 3892 768 3941 haec
786 3891 1087 3957 miscebant,
1097 3894 1395 3944 vocularum
1415 3895 1550 3945 haud

497 3980 646 4032 aeque
669 3968 857 4017 curiosi
878 3974 1196 4032 captatores.

560 4041 623 4090 In
665 4042 885 4092 Glossis
899 4043 1082 4105 priscis
1118 4045 1292 4109 legas.
1346 4043 1555 4109 Ἀνεψιὸς

488 4117 1045 4181 αοιιωῠνίκιω,ωόήιιιιο.
1099 4119 1277 4170 Alibi.
1310 4123 1425 4171 Θεῖα
1437 4121 1555 4186 *pos

444 4192 684 4264 μην-ρδι,
704 4194 1004 4247 consobrino.
1037 4196 1142 4248 Et.
1176 4193 1560 4265 Ἐξόδολφοι,διι

1631 1396 1713 1446 δύο
1730 1397 1946 1461 ἀδελφῶν
1968 1400 2180 1462 θηλειῶν,
2196 1398 2507 1449 consobrinus.
2530 1383 2689 1460 Quid,

1632 1475 1770 1539 quod
1789 1474 2017 1524 Velleius
2056 1474 2207 1523 simili
2236 1473 2500 1537 libertate,
2533 1490 2688 1524 conso·

1629 1550 1816 1600 brintam
1850 1551 1942 1601 Ti:
1964 1549 2172 1601 Gracchi
2214 1547 2503 1613 Scipionem
2540 1551 2690 1601 Nasi-

1631 1640 1745 1675 cam
1780 1628 2031 1690 appellat,
2081 1627 2164 1691 qui
2205 1627 2704 1690 jurisconsultorum·

1630 1701 1864 1751 finitione
1884 1701 2118 1750 sobrinus
2136 1702 2238 1750 sit?
2288 1702 2495 1765 Lipsius.

1694 1781 1722 1807 ¹
1754 1775 1976 1839 Tempore
2008 1777 2171 1825 addito
2189 1775 2528 1839 percrebuisse]
2579 1776 2691 1825 Ma-

1628 1849 1736 1914 lim,
1755 1855 1961 1914 tempore
1987 1851 2319 1914 percrebuisse,
2341 1851 2540 1914 rejecta
2562 1866 2691 1908 voce

1632 1941 1747 1991 quae
1790 1926 2211 1989 glossographum
2245 1925 2419 1988 sapit:
2473 1931 2563 1974 aut
2600 1939 2694 1988 po-

1636 2002 1735 2049 tius
1755 2001 2026 2065 invertam,
2046 2006 2251 2065 tempore
2269 2002 2383 2049 adeo
2400 2016 2424 2059 ,-
2447 2005 2508 2049 et
2527 2000 2579 2050 id
2595 2014 2690 2049 -νο-

1635 2089 1749 2125 rum
1772 2084 1916 2140 puto.

1700 2156 1787 2205 De
1819 2170 1875 2205 re
1908 2155 2039 2218 ipsa,
2063 2153 2377 2204 Plutarchus
2410 2159 2594 2206 auctor
2636 2155 2704 2204 in·

1634 2230 1835 2294 Causis,
1857 2236 2042 2295 quaest.
2063 2244 2135 2279 vx.
2160 2230 2296 2293 apud
2331 2231 2589 2279 Romanos
2612 2243 2694 2279 so·

1630 2305 1894 2356 brinarum
1935 2306 2177 2370 conjugia
2207 2304 2420 2371 (ἀνεψιὰς
2451 2306 2561 2369 ipse
2601 2321 2693 2369 ap-

1631 2384 1808 2447 pellat,
1844 2389 1900 2433 et
1932 2384 2065 2433 bene
2101 2383 2265 2432 vertit
2298 2382 2589 2447 Xylander)
2612 2382 2691 2433 fu·

1631 2458 1735 2508 isse
1757 2458 1958 2519 invisa-0
1983 2456 2201 2523 coepisse
2217 2464 2391 2507 tamen
2415 2473 2447 2506 a
2466 2457 2695 2508 levicula

1633 2547 1982 2597 causa,qusm
2018 2533 2134 2596 ipse
2168 2534 2439 2583 denarrat:
2475 2531 2693 2582 factum-

1633 2624 1733 2672 que
1755 2608 2025 2681 decretum
2059 2610 2256 2673 populi,
2296 2609 2491 2659 ‘licere
2529 2610 2708 2660 omni-⁶

1633 2685 1729 2734 bus
1772 2685 1964 2736 ducere
2007 2700 2163 2750 nsque
2206 2685 2271 2735 ad
2328 2685 2698 2747 consobrinam
2735 2750 2746 2761 ο

1632 2777 1788 2826 supra
1810 2769 1983 2813 autem
2006 2762 2206 2814 vetaril

1702 2839 1822 2888 Hoc
1858 2838 2062 2902 quando
2097 2838 2316 2917 proprie
2330 2838 2567 2902 coeperit,
2586 2851 2693 2887 non

1631 2912 1788 2961 dicit.
1836 2914 1960 2962 satis
1982 2921 2129 2963 vetus
2150 2928 2281 2972 esse,
2316 2929 2382 2963 ex
2419 2913 2566 2963 Livio
2588 2913 2708 2962 dis·.

1634 3002 1752 3037 cas:
1800 2988 1938 3052 opud
1962 3002 2133 3053 quem,
2154 2990 2244 3039 lib.
2264 3003 2402 3041 xnu.
2437 2990 2510 3039 ita
2530 2990 2695 3056 loqui-

1634 3069 1722 3112 tur
1743 3062 1835 3127 Sp.
1872 3065 2203 3129 Ligustinus:
2262 3067 2279 3095 ‘
2305 3066 2432 3115 Cum
2468 3065 2692 3129 primum

1629 3139 1681 3189 in
1704 3145 1913 3190 aetatem
1950 3141 2087 3205 veni,
2119 3147 2270 3204 pater
2303 3140 2429 3190 mibi
2457 3154 2696 3203 uxorem,

1630 3213 1809 3265 fratris
1831 3216 1908 3266 sui
1924 3214 2100 3279 filiam,
2123 3216 2271 3266 dedit
2294 3217 2325 3266 :'
2366 3215 2522 3266 immo
2545 3215 2702 3283 qussi

1629 3290 1682 3340 in
1700 3291 1908 3343 landem
1927 3293 2023 3342 hoc
2046 3298 2301 3342 recenset.

1695 3369 1829 3417 Sane
1850 3369 2096 3432 conjugia
2115 3383 2177 3419 ea
2198 3369 2449 3433 deinceps
2473 3368 2696 3420 crebra.
2677 3385 2692 3401 ·

1634 3449 1692 3493 et
1724 3445 1800 3493 sic
1834 3444 1972 3496 inter
2014 3445 2262 3506 illustres,
2299 3445 2378 3495 M.
2409 3444 2694 3495 Marcellus

1633 3520 1823 3569 Julism
1846 3519 2072 3583 Augusti
2110 3520 2171 3570 F.
2196 3520 2348 3570 duxit
2379 3520 2479 3569 sibi
2513 3530 2706 3570 conso

1634 3596 1866 3646 brinam:
1902 3596 2091 3660 aliique
2114 3598 2305 3659 plures.

1698 3672 1917 3721 Sustulit
1957 3677 2129 3720 tamen
2168 3685 2257 3720 eas
2300 3671 2441 3733 ipsas
2482 3654 2693 3732 nuptias

1631 3744 1961 3808 Theodosius,
2005 3744 2070 3793 de
2111 3759 2215 3809 quo
2259 3744 2459 3793 Victor.
2522 3742 2540 3770 ‘
2558 3744 2693 3792 'Pan-

1586 3835 1590 3839 ·
1633 3820 1777 3883 tum,'
1803 3820 1989 3884 inquit,
2024 3820 2041 3848 ‘
2059 3819 2252 3883 pudori
2292 3820 2474 3869 tribuit
2495 3824 2551 3868 et
2571 3833 2694 3868 con

1633 3896 1886 3959 tinentiae‚
1924 3902 1985 3946 nt
2024 3895 2441 3945 consobrinarum
2481 3896 2714 3962 nuptias

1635 3972 1879 4034 vetuerit,
1902 3976 2143 4035 tanquam
2163 3985 2412 4020 sororum.
2413 3969 2432 3993 '
2491 3969 2709 4019 Petunt.

1633 4053 1915 4111 seruatque
1932 4047 2121 4096 iterum
2154 4045 2411 4096 Arcadius
2432 4053 2489 4093 et
2510 4044 2708 4094 Hono-

1631 4120 1737 4173 rius
1755 4121 1794 4172 l.
1820 4133 1942 4170 ιιι.
1965 4121 2026 4172 C.
2050 4120 2118 4170 de
2145 4119 2352 4185 nuptiis.
2386 4117 2596 4184 lapsine
2645 4159 2650 4165 ,
