3100 4925
550 405 729 482 ,1156

1268 431 1333 480 0·
1364 428 1573 478 comt
1583 424 1739 476 ΕΒΗ
1781 426 2039 478 TAclfri

2417 428 2512 494 [Α.
2535 429 2604 511 ‚⁰-
2627 432 2746 492 sos.

553 573 702 639 Nec
741 572 860 636 diu
896 570 1417 655 anquirendum·‚¹
1471 571 1633 654 quin
1674 567 2066 652 Agrippina.
2081 566 2469 632 claritudine
2495 567 2748 650 generis

552 675 865 741 anteiret:
897 674 1237 737 datumab
1266 692 1348 736 ea
1376 670 2457 751 foecunditatisexperimentumz¹¹
2485 675 2552 734 et
2582 687 2743 733 eon-

554 795 777 857 gruere
824 780 997 838 artes
1042 775 1372 840 honestas.
1376 780 1403 808 ⁰
1488 772 1574 836 Id
1603 792 1764 836 vero
1814 772 2168 853 egregium,
2221 769 2425 852 qnod,
2474 769 2745 852 provisu

556 875 801 953 Deum,
832 877 1037 940 vidua
1070 874 1503 958 jungeretur?
1522 870 1845 957 Principi,
1893 885 2018 936 sua
2045 876 2300 998 tantum
2328 871 2746 936 matrimonia

556 1048 741 1108 ditate,
777 1053 833 1096 et
856 1046 1154 1095 castimonia
1195 1044 1437 1094 anteiret.

1505 1045 1620 1094 Nec
1643 1044 1731 1094 diu
1755 1043 2103 1107 quaerendum,
2138 1048 2223 1091 aut
2259 1039 2580 1100 dubitandum,
2619 1043 2745 1106 quin

554 1109 846 1175 Agrippina
864 1110 1135 1159 nobilitate
1168 1108 1374 1157 familiae
1406 1109 1768 1171 praecelleret.
1806 1122 1917 1156 eam
1949 1121 2237 1170 puerperus
2253 1120 2545 1169 insignem,
2556 1113 2610 1154 et
2631 1120 2750 1155 oon-

553 1189 731 1224 venire
763 1175 995 1237 egregia
1017 1182 1171 1222 artefi-

1237 1175 1308 1223 Et
1343 1173 1476 1222 illud
1512 1172 1754 1221 eximium
1789 1186 1904 1232 esse,
1944 1170 2079 1233 quod
2117 1170 2441 1233 providentia
2461 1170 2746 1232 numinum,

551 1238 707 1296 vidua
728 1238 951 1288 nuberet
971 1237 1183 1300 Caesari,
1216 1237 1305 1302 qui
1340 1251 1456 1285 suas
1490 1242 1690 1285 tantum
1714 1250 1901 1285 uxores
1939 1234 2205 1284 habuerit:
2242 1234 2505 1298 accepisse
2529 1247 2561 1282 a
2584 1233 2743 1297 patri·

1474 1361 1824 1382 “NOOCO‘COO

617 1452 644 1496 1
679 1446 764 1496 Sic
789 1423 1019 1494 Pichena
1041 1460 1106 1493 ex
1138 1445 1240 1493 Ms.

1279 1444 1415 1492 Flor.
1453 1448 1510 1490 et
1544 1441 1875 1494 recentiores.
1938 1442 2004 1491 Iu
2027 1443 2153 1493 Mss.
2185 1441 2359 1492 Vatic.
2395 1442 2547 1491 Harl.
2588 1421 2774 1494 Badis

556 1512 670 1564 Jes.
692 1510 1094 1562 ex-editionibus
1117 1508 1396 1572 veteribus,
1412 1505 1759 1570 inquirendum.

575 1614 578 1616 “
1540 1617 1761 1668 NOTAE

547 1733 731 1799 'ditque
748 1732 1078 1797 impudenter
1089 1735 1330 1785 Vitellius
1348 1735 1611 1784 conscien-

546 1808 640 1878 tiae
664 1810 840 1873 populi
859 1808 1006 1859 Rom.
1030 1810 1115 1874 qni
1146 1817 1325 1872 stupro
1356 1807 1608 1871 illigatam

549 1887 745 1937 sciebat
779 1887 1120 1950 Agrippinam
1154 1902 1270 1936 eum
1305 1886 1520 1949 Lepido,
1554 1892 1608 1935 et

546 1963 802 2025 cumipse
833 1962 996 2028 fratre
1031 1964 1174 2024 Caio,
1196 1968 1252 2011 et
1290 1964 1525 2010 Pallante
1546 1962 1608 2009 li-

550 2038 724 2096 berto;
774 2052 876 2085 non
920 2037 1090 2086 dicam
1134 2051 1251 2085 eum
1282 2036 1499 2098 Seneca,
1546 2042 1606 2085 ut

542 2112 674 2172 Dio,
706 2111 800 2159 sed
836 2125 953 2159 cum
990 2110 1264 2173 Tigellino.
1351 2110 1605 2176 Adulatur

546 2188 633 2245 ille
647 2187 847 2236 delator
862 2186 1197 2235 dominatura
1218 2184 1455 2248 foeminae,
1468 2187 1603 2249 quod

551 2261 705 2310 facile
726 2261 937 2323 homini,
953 2268 1007 2310 et
1031 2262 1172 2326 quasi
1192 2262 1420 2310 innatum
1442 2260 1556 2310 fuit.

562 2367 571 2376 ·
614 2342 639 2368 ¹¹
671 2335 1034 2398 Foecunditatis]
1071 2336 1188 2384 Hoc
1211 2346 1387 2384 verum
1412 2336 1478 2384 de
1501 2336 1604 2399 pri·

540 2425 634 2463 «mo
676 2411 790 2475 ejus
844 2411 1173 2461 matrimonio
1211 2426 1327 2461 eum
1375 2413 1607 2463 Domitio

540 2486 864 2547 -AEnobarbo,
917 2489 1008 2535 sed
1050 2488 1104 2535 in
1147 2488 1362 2536 exitium
1403 2489 1605 2550 generis

536 2562 775 2611 humani.
839 2563 911 2609 Et
942 2575 1067 2615 vere
1098 2562 1383 2623 Domitius„
1417 2576 1531 2610 eum
1555 2564 1603 2611 ei

546 2637 836 2701 suscepisse
855 2636 1014 2686 filium
1050 2639 1392 2698 nuntiaretur,
1429 2639 1603 2688 amicis

550 2714 703 2773 dixit,
745 2729 812 2762 ex
856 2715 1147 2779 Agrippina
1186 2722 1242 2764 et
1279 2729 1346 2763 ex
1380 2730 1435 2764 se
1479 2716 1605 2763 nihil

550 2789 671 2838 boni
694 2791 836 2838 nasci
862 2804 1026 2852 posse.

614 2864 689 2913 At
703 2880 826 2914 cum
856 2866 1084 2914 secundo
1115 2865 1302 2913 marito
1332 2863 1603 2927 Passieno,

548 2953 715 3004 neque
758 2954 874 2989 eum
920 2941 1097 3001 tertio,
1138 2939 1354 2990 Claudio
1398 2952 1606 3002 nempe,

546 3014 744 3062 nullum
774 3015 886 3076 ipsa
918 3012 1267 3062 foecunditatis
1288 3012 1607 3074 experimen-

538 3094 664 3136 >tum
680 3087 856 3136 dedit:
892 3087 1042 3150 louge
1082 3086 1280 3136 felicius
1317 3096 1372 3135 et
1408 3087 1508 3149 ipsi
1548 3095 1604 3136 et

550 3162 776 3226 Reipub.
816 3161 994 3226 fuerit,
1027 3163 1068 3211 si
1108 3177 1363 3226 nunquam
1401 3164 1604 3226 genuis-

540 3245 642 3287 set.

614 3313 954 3365 Foecunditutis
1008 3313 1399 3377 experimentum]
1465 3313 1602 3365 Quia

538 3405 613 3440 ex
633 3389 868 3440 Domitio
890 3391 1149 3439 Neronem
1170 3391 1411 3454 suscepit.
1463 3392 1597 3439 Nam

545 3479 613 3515 ex
636 3465 822 3527 Crispo
859 3465 1099 3513 Passieno
1134 3465 1210 3513 bis
1243 3464 1471 3524 consule,
1514 3464 1599 3512 cui

544 3538 772 3588 secundo
791 3539 984 3602 nupsit,
1008 3540 1170 3588 nullos
1193 3539 1368 3601 genuit
1390 3540 1596 3589 liberos.

546 3613 820 3677 Colligitur
842 3629 908 3662 ex
929 3616 1139 3663 Sueten.
1164 3615 1290 3663 Ner.
1314 3618 1363 3662 6.
1386 3616 1401 3642 ‘
1428 3614 1597 3677 Crispi

534 3689 773 3740 Passieni
791 3691 963 3740 vitrici
985 3691 1063 3739 sui
1082 3690 1387 3739 baereditate
1402 3690 1597 3740 ditatus

542 3764 661 3823 est?
695 3765 837 3814 Nero
853 3780 1054 3828 nempe.

608 3841 760 3892 Quod
793 3854 895 3911 non
916 3838 1085 3901 fieret,
1106 3839 1150 3888 si
1182 3839 1427 3888 Passieno
1448 3839 1599 3889 liberi

539 3913 791 3966 fuissent:
843 3915 984 3965 illam
1021 3915 1157 3964 hand
1197 3915 1353 3966 dubie
1397 3932 1597 3967 sueces-

542 3986 738 4041 sionem
791 3996 1032 4053 captarat
1101 3991 1307 4055 iugenio
1358 3993 1596 4042 muliebri

541 4064 848 4128 Agrippina,
900 4080 1116 4130 eamque
1160 4066 1597 4125 obtinuerat-filio

532 4150 633 4195 suo
657 4140 877 4202 Neroni,
902 4147 959 4189 ut
984 4148 1161 4210 postea
1196 4141 1540 4205 principatum
1564 4160 1596 4194 a

544 4215 780 4269 Claudio.
843 4216 915 4266 Et
935 4224 1206 4280 postquam
1227 4223 1593 4271 testamentum

1679 1737 1745 1781 ‘et
1777 1745 1912 1795 opes
1967 1732 2310 1793 demeruerat,
2337 1731 2535 1779 bonnm
2573 1731 2743 1781 virum

1686 1820 1883 1855 veneno
1901 1805 2166 1855 interfecit
2183 1805 2346 1877 proba
2366 1804 2590 1855 foemina.

1750 1890 1774 1914 ⁰
1805 1883 1951 1932 Artes
1986 1883 2221 1945 honestas]
2273 1884 2514 1947 Intellige
2552 1881 2744 1933 doctri·

1687 1973 1821 2018 nam,
1858 1959 2223 2023 eloquentiam,
2273 1959 2586 2021 comitatem,
2625 1974 2745 2022 pru·

1688 2034 1914 2084 dentiam
1958 2051 2148 2097 rerum,
2186 2042 2486 2101 ceterasque
2529 2036 2743 2085 eximias
2821 2027 2828 2033 ’
2869 2040 2880 2051 “

1686 2116 1844 2170 artes,
1888 2112 2074 2174 quibus
2117 2111 2490 2161 excolebantur
2532 2112 2745 2174 ingenia

1683 2185 2068 2248 splendidarum
2079 2188 2347 2237 mulierum
2363 2202 2424 2236 eo
2441 2202 2569 2236 aevo.
2599 2187 2745 2236 Nam

1683 2268 1740 2311 et
1756 2257 2079 2324 elegantibus
2098 2262 2473 2311 commentariis
2498 2276 2615 2309 suos
2633 2275 2749 2309 suo-

1686 2352 1898 2401 rumque
1918 2353 2064 2387 casus
2075 2336 2743 2400 descripseratAgi-ippina,

1683 2413 1772 2475 qui
1811 2414 2168 2463 commentarii
2207 2413 2483 2463 laudantur
2520 2413 2585 2464 ab
2615 2412 2705 2478 -sip
2708 2426 2741 2464 ο

1682 2490 1883 2539 Tacito.

1747 2572 1774 2606 P
1814 2564 2283 2628 Viduajungeretur]
2331 2565 2503 2615 Vidua
2536 2571 2649 2614 erat
2670 2563 2744 2614 A·

1684 2640 1939 2704 grippina,
1970 2649 2193 2701 mortuo,
2231 2642 2328 2691 sub
2363 2641 2510 2689 initia
2535 2641 2743 2703 imperii

1683 2715 1970 2774 Claudiani,
2009 2715 2193 2779 Crispo
2218 2715 2482 2776 Passieno,
2516 2716 2601 2764 eui
2624 2721 2744 2778 post
2793 2778 2797 2783 ⁵

1683 2791 1967 2840 Domitium
1991 2800 2256 2854 nupserat.
2324 2791 2522 2840 Plinius
2559 2790 2595 2840 1.
2619 2802 2740 2840 xvi.

1679 2867 1695 2893 ‘
1713 2865 1967 2916 Arborem
2008 2866 2137 2914 mori
2176 2867 2412 2915 eximiam
2444 2872 2602 2915 aetate
2625 2881 2741 2917 nos·-

1676 2946 1765 2990 tra
1802 2939 2058 2989 adamavit
2097 2941 2371 2989 Passienus
2407 2941 2621 3003 Crispus
2657 2941 2740 2990 bis

1683 3015 1882 3074 consul,
1918 3022 2110 3076 orator,
2150 3014 2456 3076 Agrippinae
2479 3014 2739 3064 matrimo-

1682 3088 1770 3137 nio
1787 3095 1842 3138 et
1867 3090 2074 3138 Nerone
2099 3089 2335 3152 privigno
2358 3089 2561 3139 clarus.-'
2637 3080 2646 3083 “

1744 3164 1958 3213 Sueten.
1982 3165 2222 3214 Nerone:
2256 3166 2271 3190 ‘
2290 3165 2482 3213 Verum
2517 3164 2736 3217 Claudio

1677 3238 1947 3307 imperium
1971 3239 2181 3302 adepto,
2220 3253 2325 3287 non
2362 3240 2523 3291 solum
2561 3247 2740 3303 pater-

1679 3327 1768 3362 nas
1806 3329 1929 3377 opes
1966 3314 2310 3377 recuperavit,
2343 3316 2432 3364 sed
2471 3322 2527 3365 et
2556 3317 2737 3383 'Crispi

1680 3389 1910 3437 Passieni
1938 3389 2105 3438 vitrici
2146 3389 2223 3437 sui
2255 3390 2565 3440 haereditate
2597 3390 2736 3442 ,dita-

1680 3472 1762 3514 tus
1785 3464 1898 3514 est!
1961 3464 2317 3514 Tamen'idem
2340 3466 2429 3515 ille
2462 3466 2735 3517 Passienus

1678 3546 1832 3588 antea
1850 3540 2064 3589 maritus
2100 3540 2343 3589 Domitiae
2366 3530 2551 3591 sororis
2585 3541 2737 3592 AEno·

1679 3614 1842 3664 barbi.

1742 3689 1895 3741 Quod
1932 3705 1998 3739 ex
2033 3690 2351 3741 Quintiliano
2373 3686 2581 3754 colligas
2604 3692 2734 3743 1.v1.

1677 3779 1724 3813 c.
1752 3769 1831 3813 11.
1896 3763 2053 3828 Apud
2082 3766 2329 3814 Senecam
2345 3765 2411 3815 de
2431 3766 2529 3814 hoe
2550 3766 2734 3816 eodeni

1677 3843 1712 3890 l.
1733 3856 1811 3892 iv.
1836 3844 2024 3892 Natur.
2043 3845 2241 3895 Quaest.
2263 3843 2441 3892 initio:
2478 3848 2494 3872 ‘
2517 3843 2733 3907 Crispus

1675 3919 1969 3980 Passienus,
2022 3937 2122 3987 quo
2167 3923 2240 3971 nil
2280 3922 2399 3971 novi
2441 3922 2643 3972 acutius
2665 3923 2734 3973 :in

1675 3995 1907 4044 omuibus
1925 3997 2329 4059 rebus,·maxime
2347 3999 2399 4046 in
2418 3998 2735 4062 distinguen-

1675 4069 1754 4119 dis
1792 4069 2022 4134 (omnino
2066 4073 2219 4122 scrib.
2256 4072 2620 4136 distringendis)
2670 4080 2733 4124 *e't

1675 4146 1910 4198 curandis
1932 4147 2087 4208 vitiis,
2119 4162 2261 4212 saepe
2292 4148 2518 4209 dicebat,
2543 4149 2732 4199 »adula-

1667 4221 1953 4285 ti⁰niopus
1967 4236 2109 4286 iesse,
2131 4236 2233 4273 non
2255 4223 2498 4291 claudere
2520 4224 2730 4295 ostium,
