3100 4925
397 430 540 484 mc.
564 423 731 499 5632
787 495 798 504 ,

1109 406 1530 474 annaeum
1583 413 1732 462 ms.
1780 411 1963 462 xm.

2442 388 2622 462 140⁵

399 565 696 640 mesticis
718 560 1103 637 discordiis,
1122 559 1481 622 imbutamz
1528 555 1716 620 nulla
1736 554 1923 632 odia,
1934 554 2156 618 nullas
2174 553 2475 638 injurias,
2496 571 2618 622 nec

403 668 786 752 cupidinem
813 663 1086 729 ultionis
1113 660 1387 725 afferre?
1457 658 1637 734 Tum
1669 661 1689 690 ‘
1720 656 2002 721 formam
2030 655 2236 720 futuri
2267 656 2619 739 Principa-

397 768 529 836 tus’
556 762 1022 852 praescripsit,¹‘
1065 783 1148 828 ea
1188 761 1484 826 maxime
1514 755 1892 836 declinans,i
1938 752 2221 842 quorum
2248 776 2471 821 recens
2495 757 2620 824 fla-

404 872 643 956 grabat
670 869 949 934 invidia.
996 871 1019 900 ‘
1053 865 1217 931 Non
1237 865 1414 928 enim
1444 882 1518 927 se
1547 862 1961 944 negotiorum
1989 862 2278 925 omnium
2299 856 2619 953 judicemsj

405 970 570 1048 fore,
581 975 679 1048 ut,
702 970 956 1034 clausis
976 985 1175 1031 unam
1189 967 1363 1030 intra
1380 964 1648 1028 domum
1668 963 2166 1027 accusatoribus
2187 967 2251 1026 et
2273 964 2424 1039 reiS‚
2447 957 2619 1044 pauss-

410 1091 634 1142 corum
660 1061 978 1156 potentia*
1005 1072 1433 1152 grassaretur.
1480 1064 1670 1129 Nihil
1694 1066 1765 1128 in
1789 1064 2159 1128 Penatibus
2181 1065 2321 1127 suis
2346 1059 2624 1141 venale,¹

404 1240 498 1285 aut
530 1234 753 1286 motibus
789 1234 966 1285 civicis
1002 1233 1326 1298 implicitam,
1366 1231 1609 1292 disserit3
1641 1231 1911 1295 nullasque
1946 1227 2258 1279 offensiones
2291 1244 2443 1279 secum
2478 1230 2623 1279 inve-

403 1301 549 1361 here,
570 1300 737 1349 nullas
757 1300 879 1364 iras,
899 1314 998 1348 nec
1019 1298 1358 1361 cupiditatem
1384 1296 1650 1347 vindictae.
1720 1296 1840 1345 Tam
1871 1295 2137 1358 exemplar
2168 1292 2358 1343 futurae
2393 1294 2621 1344 domium

407 1365 562 1414 tionis
583 1365 837 1416 delineavit
857 1363 1217 1429 proefinivitque,
1239 1378 1293 1412 ea
1309 1363 1546 1425 praecipue
1583 1360 1817 1421 devitans,
1837 1374 2033 1422 quarum
2063 1373 2224 1408 recens
2251 1358 2448 1408 ardebat
2470 1359 2623 1409 adhuc

405 1429 602 1480 midam
668 1429 788 1479 Non
825 1427 963 1477 enim
999 1442 1056 1478 se
1090 1441 1363 1476 causarum
1400 1426 1628 1475 omnium
1668 1424 1920 1474 arbitrum
1956 1421 2206 1482 futurum,
2241 1423 2312 1472 ita
2334 1430 2393 1472 ut
2413 1423 2623 1475 inclusis

405 1493 545 1545 intra
587 1491 799 1543 easdem
842 1491 982 1542 aedes
1044 1490 1361 1541 delatoribus
1404 1495 1461 1542 et
1505 1489 1756 1552 sontibus,
1802 1499 2087 1552 paucorum
2140 1486 2218 1537 vis
2282 1496 2625 1560 grassaretur,

1417 1615 1633 1668 NOTAE

410 1732 528 1786 ticis
552 1733 822 1792 discordiis
845 1725 1112 1785 imbutam.

472 1809 498 1844 h
530 1810 861 1875 Proesoripsit]
893 1810 959 1859 Id
997 1816 1099 1873 est,
1128 1807 1216 1858 Ita
1250 1807 1479 1872 descrip-

410 1885 499 1950 sit,
520 1891 579 1935 ut
611 1887 782 1950 palam
820 1886 920 1937 sibi
956 1886 1070 1950 ipse
1110 1884 1479 1949 praescriberet

410 1960 630 2024 regendi
648 1960 865 2012 sormam
886 1976 900 2011 ε
939 1976 1049 2022 seu,
1067 1959 1131 2009 In
1152 1966 1479 2011 antecessum

413 2033 708 2105 e'xemplum
729 2037 878 2103 regni
898 2037 1179 2102 descripsit
1202 2050 1265 2087 ac
1290 2034 1480 2094 deline-

414 2116 544 2165 avit.

478 2188 494 2223 ¹
531 2191 605 2239 Ea
626 2190 831 2240 maxime
853 2190 1112 2253 declinans]
1147 2189 1271 2240 Non
1308 2188 1385 2240 ita
1415 2203 1481 2238 ea

412 2259 612 2328 flagitia
634 2264 994 2315 dominationis
1010 2265 1213 2316 Claudii
1235 2265 1482 2329 declinat,

412 2350 475 2394 nt
514 2342 579 2393 de
618 2342 684 2392 iis
718 2342 904 2402 sileat3
937 2342 1090 2392 immo
1130 2358 1198 2394 ea
1233 2341 1389 2393 affert
1423 2349 1481 2393 et

415 2416 701 2485 amplificat
737 2417 930 2478 verbis,
960 2423 1017 2468 et
1054 2418 1324 2485 proposita
1356 2417 1482 2469 talia

412 2501 645 2561 monstra
683 2509 740 2546 se
785 2493 1164 2545 declinaturum
1201 2493 1484 2560 promittit,

417 2572 755 2637 praemonitus
792 2585 980 2635 nempe
1002 2586 1034 2621 a
1054 2571 1268 2631 Seneca,
1292 2572 1382 2636 qui
1405 2577 1480 2620 ta-

414 2651 518 2705 lem
543 2696 548 2702 ,
573 2649 971 2699 dominationem
1027 2649 1383 2713 aversabatur,
1425 2654 1481 2698 et

413 2731 563 2779 recte
585 2740 645 2774 ac
661 2725 785 2789 jure
806 2724 1012 2777 merito.

478 2801 760 2866 Declinans]
829 2799 903 2850 ld*
947 2808 1049 2864 est,
1105 2802 1481 2854 declinaturum

418 2875 759 2945 praedicabat,
777 2875 1134 2939 promittebat.

419 3008 450 3023 .·
479 2949 500 2995 i
528 2953 640 3001 Non
655 2952 779 3000 enim
800 2966 848 3001 se
868 2953 1161 3014 negotiorum
1182 2954 1387 3004 omnium
1395 2952 1479 3017 ju-

416 3025 588 3093 dicem]
620 3026 774 3078 Quod
799 3027 1005 3092 quidem
1042 3025 1238 3078 factum
1269 3030 1365 3079 sub
1397 3028 1481 3078 Ti-

416 3103 585 3166 berio,
608 3102 829 3167 primum
868 3102 923 3151 in
963 3103 1179 3168 palatio,
1211 3103 1400 3154 deinde
1429 3104 1483 3155 in

416 3194 622 3231 secessu
642 3181 993 3244 Caprearum;
1024 3179 1160 3228 unde
1194 3180 1406 3229 veniens
1433 3194 1484 3228 e·

418 3257 612 3327 pistola
633 3272 717 3307 res
737 3256 1037 3319 decidebat,
1060 3262 1116 3304 et
1147 3262 1356 3304 senatus
1380 3255 1485 3305 vel-

418 3336 499 3385 uti
520 3335 728 3384 satelles
751 3332 1060 3383 dominantis
1093 3330 1481 3395 exequebatur:

417 3402 475 3461 id
496 3417 555 3461 et
593 3410 689 3460 sub
721 3411 848 3461 Caio
885 3409 1115 3472 Caesare,
1145 3407 1240 3458 sub
1266 3406 1484 3458 Claudio

419 3486 546 3541 item
569 3488 814 3540 obtinuit.

487 3565 566 3617 Fa
614 3564 770 3627 igitur
825 3568 1072 3629 tanquam
1119 3559 1487 3624 declinaturus,

420 3641 668 3708 proponit
702 3641 882 3703 Nero;
927 3641 1051 3705 quia
1088 3653 1269 3688 recens
1310 3638 1489 3688 talium

418 3717 612 3768 invidia
633 3714 921 3779 flagrabat:
957 3715 1032 3764 sic
1055 3714 1322 3763 Valerium
1343 3710 1491 3763 Asia·

422 3795 603 3856 ticum,
625 3792 771 3856 cujus
793 3791 958 3841 hortis
986 3790 1215 3840 inhiabat
1237 3789 1488 3839 Messalli-

423 3858 512 3933 na,
531 3869 792 3930 Claudius,
826 3870 966 3918 nulla
1007 3867 1131 3917 data
1161 3872 1370 3916 senatus
1401 3880 1488 3915 co·

422 3946 530 4013 pia,
552 3947 692 3995 intra
719 3944 1014 3994 cubiculum
1039 3943 1255 4005 audivit,
1278 3943 1488 3992 damna·

406 4022 603 4092 ‘vitque
627 4021 740 4084 ipsa
759 4035 935 4069 coram
970 4019 1303 4080 Messallina;
1337 4019 1410 4067 sic
1433 4025 1489 4069 et

425 4098 612 4155 Macro
630 4101 753 4146 ante
771 4095 865 4144 sub
883 4095 1106 4145 Tiberio.
1146 4094 1162 4121 ‘
1188 4096 1309 4144 Non
1327 4095 1496 4157 enim,’

431 4172 622 4236 inquit,
641 4171 659 4199 ‘
682 4185 739 4219 se
761 4169 1084 4233 negotiorum
1106 4171 1327 4222 omnium
1352 4169 1496 4233 judi·

434 4262 551 4301 cem
587 4243 737 4318 fore!
801 4246 933 4299 Quae
965 4250 1111 4296 certe
1131 4244 1259 4297 vitia
1276 4245 1496 4310 praepol-

1558 1733 1766 1781 luerant
1787 1729 1882 1781 sub
1897 1731 2009 1782 aliis
2024 1731 2367 1796 principibus,
2380 1732 2471 1783 sed
2490 1749 2626 1798 prae·

1562 1810 1715 1872 cipue
1738 1822 1917 1860 recens
1952 1809 2047 1859 sub
2080 1809 2313 1873 Claudio,
2347 1810 2543 1862 artibus
2564 1811 2627 1861 li·

1558 1883 1820 1934 bertorum
1833 1891 1890 1935 et
1906 1899 2142 1945 uxorum,
2154 1885 2486 1950 Messallinae,
2503 1886 2626 1942 dein

1561 1965 1618 2010 et
1641 1957 1966 2026 Agrippinae.
2601 2005 2615 2018 ,

1627 2036 1955 2109 Negotiomm·
1975 2037 2182 2088 omnium
2206 2039 2438 2103 judicem]
2489 2040 2630 2093 Quia

1560 2112 1637 2162 sic
1661 2113 2027 2176 grassabantur
2041 2115 2239 2178 liberti,
2258 2122 2317 2165 ut
2336 2122 2391 2165 et
2406 2116 2627 2169 messal.

1559 2188 1663 2239 lina
1684 2202 1916 2252 uxor,11.
1940 2195 2023 2240 5.:
2057 2190 2177 2239 dein
2216 2195 2272 2241 et
2299 2190 2624 2258 Agrippinam

1558 2264 1751 2313 namin
1774 2264 2266 2329 cubiculossaesaris
2305 2282 2422 2317 reus
2457 2275 2514 2318 et
2544 2284 2628 2319 ac·

1560 2344 1823 2391 cusatores
1845 2341 2037 2408 clausi;
2073 2341 2210 2405 qnod
2232 2348 2289 2392 et
2306 2348 2493 2406 postea
2514 2343 2627 2407 ipse

1562 2417 1708 2468 Nero
1729 2432 1847 2469 cum
1870 2432 1963 2467 sua
1998 2416 2236 2481 Poppaea
2268 2422 2325 2467 et
2355 2417 2626 2482 Tigellino,

1561 2508 1658 2545 ιν.
1681 2498 1765 2543 61.
1803 2494 2093 2558 usurpavit.
2175 2495 2412 2544 Libertas
2448 2493 2630 2546 suffra-

1563 2570 1766 2633 giorum
1790 2570 2139 2633 corrumpitur
2158 2569 2273 2634 ipsa
2295 2571 2380 2619 vel
2399 2586 2631 2634 praesen·

1563 2645 1639 2694 tia
1660 2644 1942 2709 principis;
1977 2645 2052 2694 sic
2075 2645 2284 2695 Tiberio
2312 2646 2525 2709 judiciis
2548 2663 2628 2699 as-

1563 2721 1787 2781 sidente,
1824 2736 2113 2786 quanquam
2144 2725 2160 2751 ‘
2183 2724 2347 2773 multa
2367 2738 2430 2774 eo
2452 2740 2628 2777 coram

1562 2799 1809 2849 adversus
1831 2800 2084 2850 ambitum
2108 2807 2161 2849 et
2184 2802 2472 2864 potentium
2511 2816 2630 2867 pre·

1562 2887 1650 2924 ces
1687 2875 2142 2940 constituerentur,
2161 2882 2333 2926 tamen
2355 2877 2474 2927 dum
2499 2879 2635 2930 veri·

1561 2952 1660 3003 tati
1683 2951 1985 3017 consulitur,
2019 2952 2231 3002 libertas
2262 2955 2630 3019 corrumpeba-

1561 3028 1680 3079 tur!
1723 3042 1763 3080 1.
1785 3033 1868 3081 75.

1627 3104 1653 3139 ¹⁵
1687 3108 1958 3159 Paucorum
1973 3109 2210 3174 potentia]
2241 3110 2390 3163 Quod
2414 3110 2631 3176 opponi·

1564 3187 1652 3231 tur
1675 3181 1905 3233 libertati
1944 3192 1999 3234 et
2037 3186 2373 3250 principatui,
2404 3188 2491 3251 qui
2524 3202 2630 3238 non

1566 3258 1811 3321 opprimit
1865 3260 2179 3325 libertatem,
2223 3263 2315 3312 sed
2365 3264 2633 3315 licentiam

1566 3342 1784 3388 tantum.
1849 3338 2003 3390 Quod
2023 3340 2310 3404 opponitur
2330 3347 2385 3389 et
2402 3342 2634 3402 veritati,

1567 3427 1658 3461 sen
1684 3412 1925 3476 justitiae,
1958 3420 2013 3462 et
2054 3414 2290 3476 inprimis
2330 3415 2632 3476 auctoritati

1568 3494 1791 3552 patrum,
1810 3494 1867 3537 et
1888 3488 2024 3539 bono
2046 3489 2289 3552 principi,
2307 3490 2395 3554 qui
2428 3504 2526 3539 nec
2548 3497 2636 3542 to·

1569 3571 1677 3614 tam
1698 3558 1998 3614 libertatem
2023 3579 2119 3616 nec
2144 3571 2306 3614 totam
2325 3566 2633 3634 servitutem

1567 3638 1701 3690 velle
1724 3640 1899 3690 debet.
2588 3688 2591 3693 ,

1633 3714 1646 3749 ¹
1670 3717 1812 3767 Nihil
1829 3717 1882 3765 in
1900 3716 2160 3767 Penatibus
2179 3718 2279 3765 suis
2294 3717 2473 3780 venale]
2505 3718 2633 3769 Tac.

1568 3794 1620 3844 in
1653 3794 1835 3857 Agric.
1858 3807 1981 3844 xix.
2013 3794 2094 3844 ‘A
2131 3810 2188 3844 se
2225 3795 2432 3860 suisque
2466 3810 2634 3858 orsus,
2696 3794 2703 3801 '

1566 3870 1790 3936 primum
1813 3871 2018 3920 domum
2048 3886 2188 3919 suam
2211 3868 2458 3933 coercuit,
2492 3871 2634 3936 quod

1568 3947 1831 4013 plerisque
1873 3947 2012 3996 haud
2055 3949 2222 3996 minus
2271 3946 2487 3996 arduum
2535 3957 2638 4011 est,

1572 4038 1725 4088 quam
1763 4023 2084 4087 provinciam
2127 4037 2336 4086 regere:
2372 4023 2497 4072 nihil
2537 4037 2635 4087 per

1571 4098 1786 4148 libertos
1822 4112 2097 4163 servosque
2136 4099 2355 4162 publicae
2390 4097 2495 4148 rei:
2527 4113 2635 4152 non

1574 4172 1757 4222 studiis
1796 4173 2036 4236 privatis,
2071 4188 2170 4222 nec
2209 4188 2276 4222 ex
2314 4174 2636 4231 commenda-

1568 4248 1720 4302 -tione
1743 4255 1835 4301 aut
1854 4248 2098 4319 precibus
2131 4249 2486 4327 centurionum
2504 4250 2643 4327 mili?
