3100 4925
2391 377 2564 454 1611

356 548 499 606 rent
522 541 559 606 ε’
622 546 643 575 ‘
673 540 892 604 nullos
939 542 1347 604 mortaliumnn
1394 544 1594 606 armis
1640 549 1757 608 aut
1803 543 1935 607 fide
1985 540 2134 607 ante
2186 542 2561 613 Germanos

321 641 550 719 'esse,’
611 642 1010 716 exclamant,
1059 641 1677 724 degrediunturque⁶
1729 648 1796 706 et
1838 644 2007 707 inter
2059 644 2298 709 Patres
2344 648 2561 713 consi-

357 743 520 806 dunt
546 752 594 808 :¹¹
638 743 817 825 quod
850 743 1119 805 comiter
1149 763 1191 806 a
1221 745 1586 807 visentibus
1611 750 1989 828 exceptum,
2021 748 2212 828 quasi
2243 748 2587 829 impetus0-

357 845 634 926 antiqui,
684 849 751 907 et
805 845 984 906 bona
1036 844 1504 908 aemulatione.⁷
1533 855 1562 893 P
1649 845 1834 910 Nero
1891 847 2163 911 civitate
2223 848 2561 915 Romanas

354 406 406 458 s:
430 404 493 455 c.
514 381 625 466 sa]
1050 396 1459 449 summum
1485 397 1656 447 tm.
1706 398 1880 448 xm.

355 1004 467 1047 tute
493 1004 582 1047 aut
604 998 707 1047 fide
733 1000 1002 1049 Germanis
1028 1003 1344 1063 praecellere,
1382 1003 1740 1065 abscedantque,
1777 1009 1824 1052 et
1862 1004 1988 1051 inter
2017 1009 2254 1052 senatores
2282 1006 2436 1052 sedem
2461 1002 2563 1052 sibi

353 1062 600 1124 deligunt.-
649 1067 767 1126 quod
786 1064 896 1112 bene
918 1066 1192 1127 honesteque
1214 1067 1516 1128 interpretati
1539 1074 1665 1128 sunt,
1686 1069 1766 1130 qui
1789 1069 1965 1128 videre,
1992 1069 2121 1117 velut
2149 1068 2318 1117 indolis
2339 1084 2395 1116 ac
2414 1068 2561 1130 speci-

355 1127 494 1175 minis
511 1128 713 1191 antiqui,
734 1134 781 1177 et
806 1131 949 1184 velut
972 1131 1269 1180 cemulatione
1290 1132 1486 1192 egregia
1506 1129 1716 1182 factum.
1754 1177 1757 1184 .
1805 1133 2062 1196 Utrumque
2080 1132 2300 1196 astu-ipsit
2325 1133 2488 1183 Coesar
2507 1133 2559 1181 in

1287 1271 1610 1291 OOOOOOOOOOO
1616 1273 1645 1290 0

416 1370 449 1415 6
481 1366 567 1416 Sic
593 1367 822 1416 Pichena
859 1383 889 1416 e
933 1369 1034 1418 Ms.
1057 1370 1199 1418 Flor.
1266 1371 1330 1418 In
1354 1370 1620 1420 veteribus
1640 1370 1971 1432 editionibus,
1991 1372 2439 1434 digrediuntur.—-’—7
2472 1372 2559 1423 Ita

353 1430 479 1478 libri
514 1433 714 1494 scripti,
738 1440 789 1479 et
814 1433 1066 1481 editiones
1091 1441 1292 1482 veteres
1317 1450 1377 1482 ac
1403 1435 1735 1486 recentiores,
1803 1436 2020 1485 Frustra
2042 1438 2335 1486 emendavit
2359 1435 2563 1487 Rhenass

352 1508 465 1554 nus,
485 1495 600 1544 bona
617 1497 872 1544 emulatio.
943 1497 1147 1559 Lipsius
1172 1498 1428 1559 tentabat,
1446 1500 1555 1546 bo'ni
1587 1495 1898 1549 oemuhuione.
1932 1501 2158 1549 Brotier.
2225 1499 2435 1551 Amicus
2459 1507 2505 1550 et
2526 1516 2558 1551 a

353 1558 469 1608 bona
505 1562 831 1617 aemulatione,·
880 1561 914 1611 J
921 1568 1095 1610 uretus
1134 1566 1180 1610 et
1220 1562 1325 1611 boni
1358 1564 1611 1613 aevnulaettio.
1679 1565 1806 1614 Mss.
1850 1564 1923 1612 nil
1960 1570 2180 1614 mutant.
2258 1565 2556 1630 Ryekiuse-

1325 1712 1543 1764 NOTAE

414 1823 449 1848 ¹²¹
502 1817 669 1864 Nullos
705 1818 994 1881 mortalium]
1057 1818 1208 1868 Hanc
1247 1818 1407 1881 ipsam

350 1906 457 1940 rem
478 1890 688 1955 factam,
725 1893 1211 1957 Claudioprincipe,
1251 1896 1410 1945 tradit

348 1967 641 2016 Suetonius.
707 1968 809 2016 Sed
835 1975 961 2031 puto
979 1968 1181 2018 fidelior
1200 1971 1409 2019 Tacitus

346 2042 400 2090 in
446 2043 862 2105 circumstantiis,
918 2059 1042 2107 quas
1097 2045 1182 2092 hic
1238 2044 1407 2095 affert.

349 2118 595 2167 Ceterum
649 2119 961 2167 conveniunt
1016 2120 1069 2167 in
1121 2121 1408 2171 substantia

257 2243 264 2249 ,
347 2192 444 2253 rei,
463 2199 522 2241 ut
543 2193 726 2256 solent,
742 2208 927 2257 nempe
947 2195 1229 2245 Germanos
1250 2196 1405 2246 fidem

347 2283 490 2317 suam
526 2274 582 2317 et
615 2268 969 2318 fortitudinem
994 2270 1300 2333 praedicasse
1324 2287 1409 2321 no-

345 2342 436 2391 bili
459 2343 675 2407 impetu,
692 2353 745 2394 et
769 2345 1046 2408 specimine
1068 2362 1189 2396 vere
1211 2349 1409 2413 antiqui

346 2432 522 2467 moris.
1401 2466 1410 2473 .

345 2529 354 2535 -
407 2501 433 2526 ¹²
466 2496 603 2543 Inter
619 2501 784 2557 patres
803 2497 1068 2560 considunt]
1129 2499 1281 2551 Quod
1308 2498 1409 2546 Ta-

343 2570 481 2621 citus
503 2572 585 2620 hic
615 2573 823 2635 Neroni,
861 2574 997 2621 idem
1020 2574 1407 2631 Suetoniustri-

265 2688 273 2698 .
343 2646 461 2695 buit
485 2648 700 2696 Claudio
732 2663 848 2711 cap.
873 2652 955 2697 25.
989 2649 1004 2675 ‘
1030 2650 1408 2705 Germanorum

277 2764 282 2770 .
342 2723 532 2784 legatis
554 2725 609 2771 in
632 2723 916 2773 Orchestra
949 2723 1130 2774 sedere
1154 2726 1407 2788 permisit,

343 2799 679 2863 simplicitate
704 2815 879 2848 eorum
914 2807 969 2849 et
1002 2801 1192 2851 fiducia
1224 2809 1410 2866 motus,

344 2876 482 2939 quod
503 2875 555 2922 in
574 2877 841 2938 popularia
862 2876 1095 2939 deducti,
1114 2892 1229 2925 cum
1253 2878 1410 2927 anim·

346 2951 694 3000 advertissent
748 2952 969 3000 Parthos
1024 2959 1080 3001 et
1138 2952 1408 3001 Armenios

344 3028 587 3078 sedentes
630 3030 698 3076 in.
729 3036 928 3092 senatu,
969 3029 1033 3077 ad
1073 3029 1254 3078 eadem
1293 3032 1409 3079 loca

342 3112 533 3167 sponte
557 3105 885 3165 transierant,
907 3105 1063 3152 nihilo
1096 3105 1407 3155 deteriorem

339 3180 588 3239 ,virtutem
614 3187 703 3229 aut
726 3180 1073 3229 conditionem
1095 3195 1239 3229 suam
1274 3195 1407 3243 prae·

342 3256 614 3306 dicantes.'

408 3326 516 3380 Hic'
548 3332 812 3394 popularia,
836 3337 954 3380 sunt
992 3333 1179 3395 gradus
1203 3332 1406 3393 theatri,

342 3423 438 3457 seu
462 3423 653 3469 caveae,
675 3409 726 3457 in
762 3408 947 3471 quibus
970 3409 1185 3458 sedebat
1206 3417 1405 3471 specta-

335 3483 541 3548 batque
564 3485 785 3546 populus
810 3486 957 3532 Rom.
1036 3483 1138 3545 Ibi,
1160 3490 1219 3533 ut
1242 3485 1404 3546 vides,

341 3561 525 3611 eadem
569 3562 722 3620 actio,
763 3570 816 3609 et
861 3576 1001 3624 saepe
1038 3561 1217 3610 eadem
1258 3562 1404 3611 dicta

338 3636 604 3701 factaque,
630 3637 847 3685 diversis
889 3637 1203 3700 principibus
1241 3636 1405 3686 trihu-

340 3721 512 3763 untur.
590 3715 725 3763 Uter
762 3713 931 3761 verius
967 3712 1258 3775 tradiderit,
1291 3713 1404 3777 quis

317 3805 479 3839 nunc
502 3789 747 3839 decidat?
780 3789 984 3837 'I’acitus
1009 3794 1180 3837 tamen
1204 3803 1268 3837 ex
1290 3803 1404 3851 pro-

339 3867 480 3917 fesso
502 3867 681 3916 scribit
704 3867 986 3925 historiam,
1000 3880 1099 3914 non
1115 3866 1404 3915 Suetonius.

334 3970 340 3975 ·
415 3944 691 4004 Orchestra,
712 3951 767 3992 et
787 3947 989 4004 senatus,
1009 3941 1147 3990 idem
1172 3948 1267 3991 est.
1339 3943 1406 3990 E-

339 4024 424 4067 rat
446 4020 590 4067 locus
608 4018 822 4066 Patrum
842 4018 891 4064 in
911 4018 1112 4066 theatro
1134 4018 1408 4081 Orchestra,

333 4107 501 4157 ,qnare
524 4101 580 4142 et
602 4100 817 4144 vocatur
836 4099 1041 4142 senatus.

407 4175 431 4201 ⁰
464 4168 695 4232 Impetus]
730 4171 941 4232 Impetus
957 4170 1059 4230 bic,
1078 4175 1158 4219 est
1180 4168 1405 4232 repenti·

333 4243 609 4311 uusanimi
633 4258 702 4296 ex
717 4245 938 4296 honesto
960 4251 1164 4308 motus„
1214 4246 1290 4297 Ut
1303 4245 1402 4296 hoc

1486 1819 1653 1867 libro:
1691 1820 1705 1847 ‘
1732 1817 1834 1867 Sed
1874 1819 2122 1881 impetum
2162 1819 2294 1881 ejus,
2331 1818 2552 1870 multum

1487 1895 1631 1957 prius
1654 1894 1859 1944 laudata
1873 1893 2232 1957 magnitudine
2249 1894 2424 1955 animi,
2436 1893 2556 1959 atti·

1488 1983 1650 2018 nuere
1674 1969 1979 2018 senatores.'

1549 2045 1833 2108 Antiquam,
1872 2045 2010 2109 quod
2047 2043 2421 2109 quodammodo
2465 2059 2552 2093 ex-

1489 2122 1636 2171 cedit
1674 2124 1881 2170 modum
1932 2122 2124 2181 saeculi,
2161 2127 2217 2170 et
2259 2120 2553 2185 antiquitati

1489 2198 1715 2247 laudatae
1757 2213 1854 2260 par
1894 2204 1989 2247 est.
2072 2197 2334 2246 AEmulatio
2379 2203 2552 2245 autem

1489 2272 1625 2334 bona,
1646 2281 1706 2321 ut
1731 2274 1855 2322 alibi
1873 2287 2037 2336 prava.
2096 2286 2105 2293 ·

1493 2389 1500 2397 .
1552 2348 1642 2397 Sic
1685 2349 1841 2412 igitur
1881 2348 2094 2411 accipe:
2148 2347 2280 2410 quasi
2322 2345 2377 2396 id
2415 2352 2552 2395 esset

1487 2424 1691 2487 impetus
1710 2425 1892 2488 antiqui
1904 2440 1923 2483 ;
1971 2430 2018 2473 et
2042 2424 2157 2473 bona
2179 2424 2472 2473 <emulatione
2492 2422 2553 2472 fl-

1490 2507 1622 2550 eret.
1691 2501 1970 2550 Gronovius.
2416 2500 2433 2513 ‘

1555 2575 1764 2638 Impetus
1782 2575 1992 2638 antiqui]
2028 2576 2174 2627 Bene
2195 2574 2386 2626 dicitur
2406 2575 2550 2637 impe-

1486 2656 1568 2699 tus
1605 2651 1691 2699 ille
1726 2654 1881 2700 moris
1919 2659 1974 2701 et
2019 2651 2318 2718 speciminis
2347 2651 2567 2712 antiquis

1488 2742 1588 2790 quo
1612 2741 1755 2775 mens
1780 2727 1887 2775 sive
1911 2727 2124 2789 animus,
2156 2727 2300 2775 velut
2320 2733 2469 2781 extra
2493 2738 2549 2775 se

1489 2803 1780 2864 prorumpit
1800 2803 1851 2850 in
1887 2801 2129 2853 eximium
2151 2801 2437 2863 consilium,
2459 2807 2551 2850 aut

1488 2876 1685 2927 factum
1707 2878 1913 2943 aliquod
1935 2878 2216 2941 egregium.

1493 2985 1502 2991 -
1552 2956 1639 3003 Sic
1664 2956 1819 3005 etiam
1842 2955 1908 3003 de
1929 2955 2141 3004 Nerone
2162 2952 2394 3014 Tacitus,
2432 2964 2548 3002 cum
2637 3020 2643 3026 .

1489 3045 1676 3093 nempe
1699 3045 1761 3079 eo
1795 3045 1956 3094 usque
1980 3028 2143 3079 effusa
2181 3035 2263 3078 est
2302 3029 2413 3091 ejus
2446 3030 2549 3081 cle·

1487 3106 1682 3154 mentia
1723 3105 2132 3170 benignitasque,
2168 3111 2228 3154 ut
2263 3110 2431 3154 cuncta
2450 3120 2550 3154 vec-

1488 3182 1665 3243 tigalia
1685 3181 1863 3244 generi
1886 3182 2177 3230 mortalium
2199 3182 2338 3229 ultro
2369 3195 2550 3233 conce-

1488 3259 1655 3308 deret.
1737 3258 1906 3321 Supra
1945 3272 1989 3305 c.
2014 3261 2096 3305 50.
2114 3258 2143 3306 .‘
2167 3256 2270 3305 Sed
2297 3256 2549 3319 impetum

1487 3335 1619 3396 ejus,
1643 3337 1740 3383 ἃς.
1765 3332 2058 3382 attinuere.’
2304 3364 2317 3378 .
2392 3366 2399 3371 «

1551 3417 1576 3450 Ρ
1613 3411 1680 3458 Et
1703 3410 1821 3458 bona
1837 3407 2151 3470 aemulatione]
2198 3408 2418 3459 Veteres
2440 3422 2546 3457 om-

1485 3498 1597 3545 nes,
1613 3485 1746 3548 quasi
1763 3485 1964 3546 impetus
1985 3483 2183 3546 antiqui,
2203 3486 2248 3530 et
2270 3480 2387 3541 bona
2405 3494 2548 3537 ‹emu-

1484 3562 1676 3622 latione,
1695 3561 1820 3609 satis
1842 3560 2027 3608 idoneo
2046 3572 2214 3608 sensu.
2277 3557 2372 3609 Ait
2393 3558 2548 3621 enim,

1482 3637 1782 3689 libertatem
1823 3637 1963 3684 illam
1987 3636 2356 3684 Germanorum
2392 3633 2549 3683 comi-

1486 3719 1568 3761 ter
1587 3724 1617 3759 a
1640 3711 1924 3760 visentibus
1947 3716 2237 3771 acceptam,
2268 3709 2411 3773 quasi
2433 3723 2543 3772 prae

1485 3803 1541 3837 se
1566 3788 1771 3837 tulisset
1792 3787 1982 3851 aliquid
2007 3786 2204 3850 antiqui
2226 3786 2470 3849 impetus,
2491 3793 2546 3836 et

1484 3863 1618 3911 bona
1642 3862 1966 3911 aemulatione
1989 3861 2182 3910 factum
2208 3867 2361 3910 esset.

1550 3939 1799 3991 Rhenano
1821 3944 1993 3986 tamen
2014 3936 2231 3999 placuit,
2263 3940 2309 3983 et
2342 3936 2461 3989 bona
2478 3951 2543 3984 ιε-

1483 4014 1707 4063 mulatio.-
1759 4028 1857 4062 non
1880 4015 2043 4072 male3
2095 4013 2185 4062 sed
2219 4012 2339 4061 mibi
2372 4012 2549 4074 prisca

1484 4090 1641 4140 lectio
1665 4091 1850 4154 potior.
1916 4090 2145 4141 Pichena.

1484 4211 1491 4217 .
1546 4175 1572 4208 ‘¹
1630 4166 1844 4216 Ciuitate
1888 4164 2121 4226 Romana]
2186 4164 2338 4216 Quod
2387 4165 2542 4217 decus

1481 4243 1746 4309 praecipue
1767 4256 2079 4307 concessum.
2097 4240 2403 4306 primoribus
2422 4256 2542 4309 pro-
