3100 4925
424 359 480 415 J.
501 360 562 413 c.
585 360 704 425 522.)

1166 355 1455 405 ANNALJ
1470 358 1578 406 ΠΜ
1635 358 1782 415 Lm.
1830 360 1975 409 ΧΠ.

2450 351 2621 419 1261.

1409 561 1620 611 NOTAE

425 695 540 758 bus,
575 695 1097 761 quamvis-imperium
1122 697 1484 760 proconsulare

425 771 721 822 deferretur
761 781 816 823 et
853 774 976 836 ipsis
1022 780 1078 822 et
1116 774 1481 835 imperatorum

423 845 559 906 filiis,
582 856 753 897 tamen
791 854 1036 912 nus-quam
1062 849 1112 896 id
1137 848 1324 912 legitur
1345 844 1485 896 inter

428 922 607 972 titulos
630 937 804 972 eorum
845 925 895 972 in
938 926 1197 974 veteribus
1221 925 1481 989 inscripti-

424 999 623 1060 onibus,
638 1000 735 1049 nisi
757 999 895 1050 forte
919 1009 1036 1064 post
1052 1015 1214 1050 ‘aevnm
1235 1001 1477 1061 Neronis;

425 1073 551 1123 lieet
579 1076 665 1123 alii
690 1077 903 1125 honores
939 1084 992 1125 et
1025 1076 1161 1124 tituli
1185 1076 1306 1138 ipsis
1330 1091 1479 1124 accu-

422 1150 699 1205 mulcatur.

488 1226 764 1290 Principes
787 1229 884 1292 ipsi
910 1243 1010 1276 non
1033 1227 1351 1278 renovabant
1387 1228 1479 1278 im-

423 1304 621 1367 perinm
647 1306 1011 1368 proconsulare
1040 1312 1154 1368 post
1178 1306 1371 1369 aliquot
1393 1320 1479 1353 an-

425 1393 533 1441 nos,
569 1387 628 1429 ut
650 1381 982 1429 tribuniciam
1007 1387 1337 1443 potestatem,
1361 1381 1479 1443 quia

425 1455 552 1504 illud
574 1457 879 1506 obtinebant
904 1466 1213 1521 perpetuum
1254 1458 1390 1507 intra
1425 1468 1478 1507 et

424 1539 573 1585 extra
596 1535 895 1596 pomoerium
920 1535 1092 1583 Urbis.

488 1610 542 1657 Si
578 1611 692 1673 quis
729 1610 955 1659 nondum
992 1610 1231 1673 princeps
1266 1610 1482 1661 haberet

426 1687 787 1751 proconsulare
810 1687 1074 1749 imperinm
1100 1694 1245 1735 extra
1267 1687 1481 1747 Urbem,

428 1768 481 1812 et
519 1763 668 1811 simul
691 1763 1017 1813 tribuniciam
1058 1769 1387 1826 potestatem,
1423 1770 1483 1812 ut

424 1836 603 1888 hab'uit
643 1839 988 1888 verisimiliter
1034 1834 1287 1902 Agrippa‘,
1326 1848 1383 1887 ut
1423 1848 1480 1888 et

426 1916 679 1978 Tiberim,
733 1923 879 1965 certe
925 1924 1034 1964 tum
1080 1914 1350 1964 videbatur
1393 1916 1476 1963 ha-

424 1990 548 2039 bere
584 1999 894 2053 potestatem
935 1993 1070 2042 intra
1108 1999 1163 2041 et
1203 2000 1354 2042 extra
1380 1993 1479 2041 Ur-

426 2066 685 2128 bem,fere
709 2069 958 2132 aequalem
984 2067 1221 2131 principi.

490 2141 570 2190 Ac
597 2150 766 2192 tamen
786 2143 1027 2192 Tiberius
1049 2158 1151 2192 non
1171 2144 1352 2192 habuit
1368 2157 1481 2206 pro-

425 2221 691 2268 consulare
744 2220 1012 2283 imperium
1068 2227 1215 2269 extra
1260 2221 1479 2282 Urbem,

421 2295 519 2342 nisi
541 2294 807 2357 definitum
845 2304 900 2344 et
923 2303 1196 2353 arctatum,
1221 2296 1407 2358 nem'pe
1428 2296 1479 2343 in

425 2370 582 2419 certis
615 2372 905 2433 provinciiS,
928 2387 1028 2420 non
1063 2373 1216 2420 ultra.
1286 2371 1360 2420 Ut
1382 2387 1479 2421 nec

428 2452 481 2494 et
514 2446 625 2510 ipse
658 2447 811 2497 Caius
842 2448 974 2497 filius
998 2447 1240 2511 Augusti,
1274 2464 1481 2512 compo-

425 2526 594 2573 nendo
616 2526 822 2575 Orienti
855 2527 1159 2589 praepositus
1195 2528 1350 2589 oli1n3
1385 2543 1481 2577 nec

426 2602 763 2651 Germanicus
788 2603 897 2666 ipse
930 2603 980 2650 in
1008 2603 1145 2651 idem
1183 2603 1366 2651 missus
1387 2603 1481 2652 sub

422 2678 647 2738 Tiberio.

489 2754 676 2817 Itaque
697 2754 772 2803 sic
808 2756 1170 2818 proconsulare
1209 2753 1479 2817 imperium

425 2838 577 2879 extra
616 2831 811 2878 Urbem
850 2830 1162 2879 illimitatum
1200 2838 1256 2879 et
1295 2844 1481 2893 perpe-

426 2911 566 2970 tuum
610 2920 908 2954 concessum
955 2904 1055 2954 fuit
1093 2907 1341 2965 hacteuus
1387 2906 1481 2969 soli

427 2981 643 3041 Neroni,
686 2980 881 3030 artibus
925 2995 1111 3044 nempe
1160 2980 1481 3044 Agrippinae,

423 3058 497 3106 sic
518 3058 656 3105 illum
676 3058 1012 3120 praeparantis
1032 3072 1226 3104 summo
1243 3056 1480 3120 fastigi03

424 3133 605 3184 sedita
624 3140 809 3195 tamen,
827 3139 886 3188 ut
902 3132 1045 3184 Nero
1066 3138 1172 3185 tum
1191 3132 1328 3179 nulla
1346 3132 1482 3180 bella

426 3209 661 3272 gesserit,
716 3215 772 3258 et
814 3209 953 3256 intra
995 3206 1176 3256 urbem
1220 3208 1481 3274 manserit.

424 3284 720 3334 Potuerunt
764 3291 937 3332 tamen
984 3277 1058 3333 sic
1094 3283 1169 3331 illi
1201 3283 1480 3346 provinciae

427 3360 742 3423 demandari,
782 3366 837 3409 et
880 3360 1014 3408 bella
1051 3360 1162 3423 ipse
1188 3372 1367 3422 gerere
1392 3375 1481 3422 po-

428 3438 546 3499 tuit,
584 3438 848 3501 praecipue
883 3437 926 3486 si
961 3437 1118 3485 semel
1162 3435 1480 3484 consulatum

426 3514 697 3576 attigisset.
1261 3526 1270 3536 ’
1419 3507 1420 3512 ’

490 3591 565 3638 Et·
600 3588 702 3638 fuit
732 3589 824 3637 ille
864 3589 1253 3652 proconsulatus
1285 3587 1480 3636 Neroni

426 3664 499 3713 sic
522 3666 687 3725 datus,
705 3665 912 3714 ultimus
936 3672 991 3714 et
1011 3679 1275 3729 supremus
1299 3664 1486 3727 gradus

430 3741 495 3790 ad
532 3741 828 3803 imperium3
864 3748 918 3790 et
956 3742 1030 3790 sic
1062 3740 1173 3789 fere
1210 3740 1312 3790 fuit
1350 3742 1486 3804 plus-

432 3831 583 3877 quam
607 3816 883 3864 tribunicia
907 3805 1156 3879 potestas,
1190 3832 1312 3880 quae
1338 3832 1404 3864 ex
1431 3831 1486 3863 se

427 3892 648 3941 limitata
666 3894 785 3941 olim
801 3894 939 3943 intra
952 3892 1145 3943 Urbem
1162 3900 1217 3942 et
1233 3894 1298 3942 ad
1317 3893 1486 3956 proxi-

425 3983 561 4016 mum
586 3969 799 4017 milliare
820 3977 972 4019 extra
994 3970 1294 4033 pomoerium
1312 3970 1484 4030 Urbis,

430 4049 487 4092 et
519 4057 633 4107 quae
673 4044 775 4094 vim
818 4045 1114 4108 prohibere,
1153 4059 1255 4092 non
1289 4044 1482 4093 inferre

429 4118 624 4185 posset.

494 4197 625 4249 Quae
643 4203 824 4248 ‘tamen
844 4203 1074 4263 potestas
1092 4212 1212 4247 mox
1230 4196 1284 4247 in
1318 4199 1485 4249 Caesa·

1565 698 1705 748 ribus
1746 704 1801 748 et
1843 699 1960 748 filiis
1999 700 2313 763 prIncipatui
2339 701 2628 766 destinatis,

1565 783 1782 824 extensa
1833 784 1913 824 est
1950 776 2016 823 ad
2069 792 2244 825 omnes
2300 778 2586 840 provincias
2607 795 2622 840 ;

1563 849 1785 915 ideoque
1830 851 1953 900 data
1990 851 2200 901 Tiberio
2244 862 2375 916 erat,
2416 860 2468 903 et
2509 868 2623 902 eam

1564 926 1720 974 etiam
1740 927 1826 975 ille
1850 927 2036 987 Rhodi,
2056 929 2184 977 licet
2208 930 2342 992 exiii,
2365 936 2454 977 aut
2476 928 2624 993 quasi

1564 1003 1701 1064 exul,
1716 1002 1971 1062 exercuit,
1996 1008 2130 1053 teste
2150 1004 2363 1052 Sueton.

1625 1079 1784 1141 Initio
1821 1079 1872 1127 in
1911 1079 2131 1142 speciem
2157 1087 2357 1128 tantum
2395 1086 2624 1131 assumta

1551 1153 1832 1205 videbatur
1854 1168 1914 1203 ea
1937 1160 2184 1217 potestas,
2214 1161 2266 1203 ut
2302 1150 2645 1209 sacrosancta(

1560 1236 1675 1280 esset
1698 1233 1785 1295 qui
1809 1245 1917 1279 eam
1941 1231 2174 1293 haberet,
2196 1240 2250 1282 et
2273 1239 2332 1282 ut
2357 1234 2622 1297 appellan-

1561 1308 1698 1356 tibus
1720 1322 1834 1358 eum
1854 1309 1902 1355 in
1914 1308 2035 1371 jure
2058 1315 2291 1358 extremo
2309 1308 2449 1359 ferre
2468 1325 2622 1374 opem

1561 1391 1754 1444 posset.

1623 1459 1724 1508 Sed
1744 1461 1830 1524 qui
1854 1462 2026 1523 potuit
2047 1461 2158 1510 aliis
2181 1475 2331 1525 opem
2353 1459 2509 1524 ferre,
2535 1475 2624 1526 po-

1563 1536 1662 1584 tuit
1706 1542 1760 1585 et
1801 1537 1897 1583 vim
1927 1538 2180 1600 repellere
2221 1553 2251 1585 a
2289 1553 2363 1599 se,
2386 1544 2443 1586 et
2465 1538 2623 1587 etiam

1563 1611 1664 1658 vim
1689 1609 1879 1659 inferre
1915 1626 2008 1673 pro
2031 1612 2197 1672 libito,
2221 1612 2262 1659 si
2284 1612 2462 1675 vellet,
2479 1611 2570 1663 aut
2591 1626 2622 1661 e

1561 1685 1764 1750 Repub.
1790 1702 1902 1736 esse
1925 1694 2181 1742 censeret.
2505 1699 2512 1704 ·

1624 1765 1695 1811 Et
1732 1763 1807 1810 sic
1829 1763 1927 1811 hoc
1969 1778 2070 1811 uno
2096 1763 2247 1811 titulo
2281 1762 2508 1811 habuere
2533 1762 2644 1814 ἀφ’

1561 1840 1813 1887 minantes
1838 1839 2009 1887 telum⁴
2027 1841 2165 1903 quod
2187 1854 2337 1888 nemo
2378 1839 2623 1889 retunde-

1564 1922 1662 1976 ret,
1683 1931 1784 1979 quo
1814 1931 1867 1964 se
1903 1922 1959 1964 et
1998 1916 2126 1964 alios
2164 1922 2454 1978 tuerentur,
2492 1931 2621 1980 quos

1563 1993 1775 2056 vellent,
1825 2007 1924 2056 quo
1962 1991 2262 2041 audaciores
2318 1993 2625 2054 comprime,

1563 2075 1698 2117 rent.

1627 2142 2004 2211 l'rocgnsnlare
2047 2143 2319 2206 imperium
2344 2157 2445 2192 non
2479 2157 2624 2192 reno·

1562 2228 1735 2268 vatum
1775 2223 1825 2267 in
1866 2221 1990 2283 ipsis
2025 2218 2342 2282 principibus
2377 2227 2494 2283 post
2516 2221 2624 2271 Nee

1561 2298 1699 2344 ronis
1723 2312 1906 2352 aevum,
1931 2295 2047 2358 qnia
2071 2302 2376 2357 perpetuum
2400 2295 2626 2343 vindica-

1564 2387 1716 2433 vere3
1753 2373 1845 2420 sed
1880 2379 2049 2420 tamen
2075 2379 2247 2431 antea,
2271 2377 2329 2419 ut
2362 2377 2508 2434 puto,
2547 2386 2625 2427 τε,

1562 2459 1802 2509 novatum
1826 2451 1875 2499 in
1906 2451 2018 2513 ipso
2042 2449 2297 2513 Augusto.

1617 2528 1983 2578 OstenditDio
1995 2529 2028 2575 l.
2050 2540 2134 2575 ιν.
2148 2525 2212 2575 Α.
2225 2526 2416 2574 U.757.
2431 2524 2624 2588 quippe

1563 2604 1761 2668 scribit,
1771 2604 2061 2667 Augustum
2074 2604 2088 2630 ‘
2104 2617 2312 2651 censum
2324 2601 2491 2663 egisse
2504 2600 2627 2648 civi-.

1563 2697 1647 2730 um
1689 2681 1840 2731 Rom.
1882 2680 1967 2744 qui
2008 2680 2056 2727 in
2101 2679 2255 2726 ltalia
2292 2676 2625 2725 habitarent?

1563 2757 1642 2805 Ac
1667 2771 1732 2804 ne
1754 2756 1830 2805 uti
1867 2770 2049 2806 censor
2068 2754 2118 2802 id
2144 2754 2317 2802 facere
2340 2752 2623 2813 videretur,

1560 2831 1753 2896 (neque
1770 2831 1905 2880 enim
1924 2830 2222 2887 vocabulum
2242 2830 2467 2878 censoris
2489 2828 2626 2877 acci-

1563 2908 1754 2978 piebat,
1807 2907 1931 2976 licet
1980 2921 2094 2954 eam
2150 2910 2462 2968 potestatem
2521 2903 2623 2952 sibi
2688 2941 2693 2948 .

1561 2972 1837 3045 assereret,
1876 2990 1929 3032 et
1969 2980 2332 3045 praefecturam
2366 2994 2454 3027 seu
2493 2981 2624 3043 regi-

1561 3055 1679 3109 men
1701 3073 1900 3107 morum
1924 3057 2034 3106 fere
2059 3056 2155 3105 sibi
2180 3054 2511 3104 vindicabant
2534 3055 2624 3106 do-,

1561 3135 1834 3196 minantes,
1858 3140 1913 3181 et
1931 3132 2089 3184 multa
2115 3130 2215 3194 alia
2237 3130 2409 3179 munia
2432 3135 2625 3198 praeter

1561 3224 1768 3258 censum
1827 3208 2012 3256 civium
2068 3206 2295 3253 habuere
2346 3202 2624 3268 Censores)

1555 3284 1883 3347 proconsulare
1923 3282 2170 3342 imperium
2201 3279 2397 3341 accepit.

1628 3360 1799 3423 Igitur
1818 3358 2080 3420 Augustus
2118 3371 2216 3403 non
2253 3356 2432 3404 habuit
2464 3356 2625 3418 impe-

1563 3436 1691 3485 rium
1748 3435 2111 3498 proconsulare
2154 3438 2484 3498 perpetuum,
2533 3430 2624 3479 sed

1563 3520 1765 3562 tantum
1789 3510 1855 3559 ad
1881 3517 2099 3570 tempus.
2165 3507 2350 3570 Itaque
2383 3504 2511 3553 illud
2552 3505 2627 3554 in·

1562 3601 1750 3636 novare
1770 3586 1961 3648 potuit,
1984 3588 2039 3631 et
2072 3581 2271 3642 debuit,
2295 3595 2388 3644 pro
2405 3578 2645 3654 necessi-1

1569 3664 1764 3713 tatibus
1787 3661 2127 3725 Reipublicae.
2643 3661 2647 3668 '

1634 3738 1709 3787 At
1731 3752 1830 3786 non
1854 3737 1925 3784 sic
1957 3751 2011 3784 se
2034 3734 2214 3783 habuit
2243 3733 2308 3782 de
2347 3732 2626 3782 tribunicia

1568 3820 1849 3877 potestate,
1872 3827 1983 3875 quae
2006 3817 2261 3873 perpetua
2283 3807 2382 3857 fnit
2415 3809 2466 3856 in
2487 3809 2628 3871 prin-

1564 3891 1700 3953 cipe,
1719 3903 1820 3937 non
1845 3895 2016 3935 autem
2049 3888 2097 3934 in
2124 3886 2250 3945 aliis,
2285 3891 2344 3934 ut
2365 3885 2419 3932 in
2444 3886 2633 3932 Marco

1563 3966 1802 4031 Agrippa
1824 3972 1879 4014 et
1899 3964 2128 4026 Tiberio,
2164 3962 2348 4026 quibus
2381 3974 2626 4009 concessa

1563 4057 1625 4090 ea
1671 4047 1897 4104 potestas
1943 4046 2056 4087 erat
2100 4039 2150 4086 in
2208 4036 2627 4102 quinquennium.

1564 4116 1662 4165 Illa
1683 4117 1838 4181 igitur
1863 4116 1938 4163 eis
1955 4120 2138 4177 sponte
2160 4119 2216 4163 et
2229 4114 2379 4177 jussu
2404 4110 2625 4160 Caesaris

1565 4192 1799 4242 renovari
1835 4197 1954 4255 post
1990 4190 2118 4238 illud
2158 4194 2362 4252 tempus
2390 4188 2624 4250 elapsum
