3100 4925
422 431 570 485 33*ss
589 428 742 493 85.Ξῖ

1113 419 1523 471 ANNAMUM
1573 417 1717 469 1113.
1767 409 1940 468 xlss.

2445 387 2621 468 1409

433 571 787 651 ‘tunquam
818 569 974 629 acta
1001 559 1267 630 Claudii
1298 557 1914 642 εηὴνειῑειθιιῒιιι,’“
1962 555 2301 626 obtinuene
2330 550 2621 627 Patres}

430 671 549 753 qui
599 670 669 731 in
718 668 1068 752 palatium*
1110 668 1198 731 ob
1240 666 1313 730 id
1354 667 1782 742 vocabantur,
1827 669 1901 742 ut
1943 668 2206 740 astaret,
2257 661 2625 728 obditis¹a

431 775 614 851 tergo
639 768 892 832 foribus
919 768 1068 832 velo
1113 767 1415 845 discreta,
1417 774 1457 802 W
1500 765 1684 849 quod
1711 767 1930 830 visum
1980 770 2250 838 arceret,
2302 762 2624 827 auditum²

435 980 673 1031 chastes-te
687 979 976 1043 Agflppinu,
1015 981 1159 1043 quasi
1182 985 1300 1030 acta
1324 980 1524 1030 Claudii
1546 935 1910 1038 abolereutnr3
1944 977 2022 1027 ide

434 1045 737 1103 uocabatur,
759 1051 814 1095 ut
831 1045 1076 1096 miseeret
1097 1042 1318 1108 foemina,
1336 1045 1532 1094 cessatis
1551 1058 1613 1093 ac
1637 1042 1852 1096 secretis
1881 1046 2010 1090 retro

2156 975 2382 1026 Patres
2362 992 2416 1026 ιιι
2443 975 2631 1038 regim

2060 1041 2428 1105 maante
2454 1040 2632 1103 divisa,

2422 1104 2633 1154 uteribus

435 1110 522 1174 qui
539 1115 774 1172 aspectam
799 1108 1087 1203 probibent,
1118 1109 1343 1159 audiendi
1366 1108 1650 1170 facultatem
1684 1122 1776 1156 uon
1809 1105 2037 1167 auferret.
2102 1106 2252 1155 Immo
2287 1110 2336 1154 et
2369 1120 2423 1154 or

1359 1235 1714 1256 “OmOmOO

504 1318 534 1363 1
568 1314 795 1392 Brotier.
834 1315 966 1392 legit
996 1314 1190 1377 abditis,
1222 1320 1277 1364 et
1311 1297 1484 1392 addit:
1526 1314 1740 1389 Franz-ta
1771 1318 1941 1364 tentat
1973 1312 2196 1389 Lipsius,
2232 1311 2421 1389 obditis.
2487 1310 2632 1362 Male
2703 1289 2707 1296 ,

448 1377 761 1443 Gronovius,
797 1379 956 1429 obduco
993 1394 1036 1444 “a
1082 1384 1216 1443 tergo
1257 1378 1450 1440 foribus
1490 1380 1594 1428 velo
1642 1380 1965 1428 discretae-2
1995 1377 2206 1428 Auditus
2238 1378 2440 1441 Lipsius
2474 1382 2529 1425 et
2560 1388 2640 1423 re·

1423 1516 1646 1566 NOTAE

437 1612 703 1675 designatis
721 1612 1058 1675 questam,-
1088 1628 1206 1661 nam
1229 1617 1380 1662 certe
1395 1611 1501 1661 adi·

442 1686 744 1749 piscebatur
790 1693 1104 1751 quaesturam
1140 1687 1226 1752 qui
1265 1687 1500 1750 designa·

443 1768 528 1812 tus
566 1769 677 1812 erat
714 1769 959 1829 quaestor,
999 1769 1060 1813 ut
1094 1770 1151 1824 et
1179 1764 1501 1814 consulatum

444 1839 711 1890 obtinebat
748 1842 836 1905 qui
881 1841 1056 1891 consul
1092 1846 1229 1890 esset
1268 1839 1500 1904 designa-

444 1921 547 1966 tus.
612 1917 729 1965 Vox
750 1917 954 1980 quidem,
983 1931 1088 1966 non
1108 1916 1335 1968 refertur
1358 1916 1422 1965 ad
1444 1914 1503 1963 τὸ

433 1989 724 2055 nauigium,
746 1990 837 2039 sed
883 1991 948 2039 ad
973 1991 1249 2041 emtionem
1288 1995 1345 2040 et
1388 2005 1505 2055 pre·

439 2064 591 2115 tium.

513 2140 702 2189 Edendi
718 2139 1033 2204 gladiatores]
1096 2143 1182 2192 De
1208 2156 1272 2192 ea
1294 2157 1351 2192 re
1383 2156 1504 2193 cau-

446 2221 560 2264 tum
604 2216 758 2264 etiam
787 2216 894 2266 sub
941 2217 1173 2267 Claudio.
1212 2220 1336 2267 Tac.
1357 2232 1397 2267 1.
1420 2222 1507 2267 22.

443 2292 460 2320 ‘
492 2289 687 2339 Iisdem
742 2291 1038 2341 consulibus
1109 2294 1173 2342 Ρ.
1225 2292 1508 2341 Dolabella

448 2366 653 2416 censuit
671 2368 1023 2430 spectaculum
1048 2367 1389 2431 gladiatorum
1413 2382 1509 2431 per

447 2453 626 2490 omnes
669 2454 827 2491 annos
871 2441 1238 2491 celebrandum
1290 2442 1512 2506 pecunia

449 2532 646 2576 eorum,
686 2516 774 2582 qui
814 2523 1124 2581 quaesturam
1164 2518 1514 2581 adipisceren-

449 2601 556 2644 tur.
622 2595 777 2659 Apud
800 2596 1024 2658 majores
1060 2595 1263 2646 virtutis
1286 2594 1342 2644 id
1379 2609 1511 2659 prae-

451 2670 608 2719 mium
643 2668 835 2731 fuerat,
874 2661 1182 2735 cunctisque
1220 2670 1429 2732 civium,
1466 2669 1512 2718 si

451 2744 602 2794 bonis
625 2745 820 2794 artibus
842 2744 1085 2809 fiderent,
1106 2745 1309 2795 licitum
1331 2750 1512 2808 petere

453 2819 821 2884 magistratus?

520 2895 593 2944 Et
647 2893 811 2943 infra:
864 2894 1176 2947 ‘Quaestura
1230 2900 1404 2944 tamen
1447 2908 1515 2945 ex

458 2970 715 3034 dignitate
733 2970 1144 3033 candidatorum,
1160 2976 1251 3020 aut
1265 2970 1517 3021 facilitate

457 3046 817 3109 tribuentium,
851 3047 1080 3110 gratuito
1098 3048 1514 3117 concedebatur·
1500 3083 1516 3109 ,

457 3120 623 3170 donec
646 3121 910 3170 sententia
939 3122 1231 3211 Dolabellae
1259 3124 1404 3173 velut
1431 3138 1518 3174 ve-

453 3195 815 3251 mundaretur!

526 3274 696 3338 Igitur
739 3274 883 3324 Nero
924 3274 1009 3323 hic
1053 3275 1246 3325 veteris
1293 3275 1520 3339 Reipub.

398 3350 402 3355 ’
458 3346 700 3399 instituta
727 3364 788 3398 ac
826 3351 966 3413 leges
1004 3350 1225 3415 reducit,
1244 3353 1521 3401 instaurat-

461 3436 565 3495 que
590 3426 816 3488 priscum
835 3439 1050 3488 morem,
1074 3427 1289 3493 consilio
1308 3426 1521 3476 Senecae

452 3506 520 3549 ‘et
539 3501 727 3549 Burrhi
744 3500 880 3550 baud
900 3501 1073 3551 dubie.

527 3579 829 3640 ¹¹Tanquam
866 3583 974 3628 acta
1000 3577 1192 3628 claudii
1209 3578 1522 3629 subverteren-

463 3653 568 3717 tur]
630 3653 701 3701 Et
734 3658 877 3701 certe
911 3654 1075 3701 multa
1098 3654 1359 3703 subvertit
1378 3653 1524 3703 Nero

467 3727 613 3777 Suet.
656 3730 738 3777 32.
804 3729 994 3778 ‘Certe
1064 3728 1297 3777 omnibus
1351 3743 1525 3777 rerum

465 3801 842 3865 verborumque
896 3803 1219 3851 contumeliis
1266 3811 1525 3853 mortuum

464 3876 789 3943 (Claudium)
805 3878 1090 3926 insectatus
1114 3884 1213 3940 est,
1231 3879 1382 3928 modo
1405 3878 1528 3929 stal-

467 3952 617 4012 utiae,
638 3952 793 4000 modo
812 3953 1024 4001 saevitiae
1049 3967 1297 4016 arguens;
1332 3968 1449 4002 nam
1474 3958 1529 4002 et

467 4028 662 4081 morari
695 4043 812 4077 eum
850 4029 987 4076 inter
1028 4029 1254 4079 homines
1296 4029 1530 4092 desiisse,

471 4103 729 4168 producta
775 4105 942 4167 prima
994 4106 1192 4168 syllaba
1233 4108 1530 4169 jocabatur,

467 4178 733 4243 ‘multaque
755 4186 810 4228 et
839 4181 1051 4230 decreta
1073 4187 1128 4229 et
1149 4182 1448 4243 constituta,
1471 4187 1531 4231 ut

469 4254 763 4319 insipientis
815 4262 975 4320 atque
1020 4255 1192 4320 deliri,
1232 4271 1329 4320 pro
1367 4256 1529 4307 irritis

604 4335 785 4401 napta.
806 4342 853 4387 et
881 4337 1001 4389 ναν.
1022 4338 1152 4390 ctae.

1490 4338 1647 4391 Tacit.

1579 1611 1792 1662 habuit?
1857 1610 1942 1660 Sic
1984 1608 2161 1659 statim
2203 1608 2365 1673 Nero,
2406 1608 2498 1660 sed
2535 1622 2636 1662 nou

1581 1696 1687 1737 tam
1707 1688 1825 1738 odio
1847 1702 1998 1753 qnam
2020 1686 2254 1736 consilio.

1650 1763 1888 1826 Tanquam
1906 1766 2014 1811 acta
2033 1761 2224 1811 Claudii
2243 1760 2643 1828 subverterentur]

1582 1836 1703 1886 Non
1725 1837 1928 1900 mirum,
1949 1837 1991 1885 si
2023 1837 2100 1895 his
2125 1836 2428 1906 adversatup·
2457 1834 2646 1901 Agrip-

1584 1914 1726 1978 pina,
1741 1914 1904 1962 multa
1921 1912 2057 1962 enim
2079 1912 2359 1962 constituta
2380 1911 2645 1968 sub,Clau÷

1585 1988 1688 2051 dio,
1717 1989 1964 2038 instinctu
2001 1993 2056 2037 et
2091 1986 2369 2037 ambitione
2399 1986 2648 2054 foemiuae,

1587 2080 1701 2129 quae
1756 2059 1976 2133 stabiliri
2013 2062 2307 2127 firmarique
2344 2063 2503 2127 ipsius
2540 2077 2646 2124 non

1584 2155 1764 2205 parum
1782 2140 2053 2191 intererat.
2099 2139 2174 2190 Ut
2198 2138 2370 2189 caedes
2392 2138 2647 2187 clarorum

1584 2218 1830 2279 virorum,
1847 2217 2004 2266 exilia
2014 2216 2295 2279 illustrium
2308 2214 2650 2277 foeminarum,

1587 2300 1645 2342 et
1664 2293 1828 2342 multa
1849 2293 1952 2341 alia
1973 2291 2241 2355 ejusmodi.

1652 2374 1676 2398 v
1711 2367 1810 2423 Qui
1844 2366 1898 2414 in
1929 2364 2198 2429 palatium]
2251 2363 2410 2427 Puto,
2430 2364 2483 2414 in
2519 2371 2650 2418 tem·

1589 2435 1729 2507 plum
1766 2439 1912 2507 (vide
1944 2441 2090 2491 Suet.
2122 2439 2260 2503 Aug.
2296 2453 2343 2489 c.
2366 2435 2471 2504 29.)
2496 2439 2652 2503 Apol-

1589 2521 1709 2571 linis
1731 2520 1975 2571 Palatini.
2027 2520 2200 2582 Supra
2220 2520 2255 2569 l.
2278 2533 2342 2572 ιι.
2375 2520 2391 2548 ‘
2412 2521 2650 2570 Quatuor

1589 2594 1710 2644 filiis
1755 2600 1875 2645 ante
1920 2595 2078 2644 limen
2133 2595 2291 2644 curiae
2346 2593 2653 2659 astantibus»,

1592 2687 1708 2722 cum
1745 2672 1798 2721 in
1837 2671 2046 2721 Palatio
2080 2671 2306 2720 Senatus
2340 2668 2653 2721 haberetur!

1590 2746 1723 2811 Lips.

1655 2830 1690 2856 '¹
1733 2822 1926 2873 Obditis
1961 2837 1994 2872 a
2027 2828 2160 2887 tergo
2198 2821 2401 2887 foribus?
2420 2823 2518 2871 velo
2558 2822 2657 2872 dis·

1594 2897 1748 2961 creta]
1852 2899 1941 2949 Sic
2000 2898 2199 2962 melius,
2250 2888 2402 2961 quam
2459 2896 2656 2966 obditis.

1594 2975 1854 3039 Intelligit
1893 2980 2065 3024 autem
2091 2975 2207 3023 vela
2242 2988 2357 3038 quae
2398 2977 2659 3036 praetenta

1595 3049 1831 3101 foribus:
1887 3050 2073 3116 quibus
2114 3049 2267 3099 etiam
2313 3048 2558 3097 Claudius
2602 3062 2659 3097 se

1596 3128 1753 3177 texit.
1815 3127 2029 3177 Sueton.
2063 3141 2107 3176 c.
2136 3130 2217 3175 10.
2251 3125 2556 3190 ‘Prorepsit
2589 3123 2658 3175 ad

1600 3202 1839 3252 solarium
1862 3201 2169 3265 proximum,
2190 3200 2427 3264 interque
2461 3199 2659 3249 foribus

1598 3282 1856 3342 praetenta
1875 3277 1991 3340 vela
2012 3290 2067 3325 se
2089 3268 2322 3326 abdidit?
2386 3278 2456 3347 123t
2482 3275 2662 3324 Helio·

1601 3353 1833 3419 gabalus,
1887 3357 2133 3401 narrante
2174 3351 2491 3414 Lampridio,
2535 3351 2663 3419 “Su-

1603 3426 1714 3476 bito
1749 3425 1968 3475 militum
2010 3425 2229 3488 strepitu
2268 3425 2568 3487 exterritus,
2607 3426 2662 3477 in

1605 3503 1845 3565 angulum
1866 3516 1922 3550 se
1951 3500 2205 3563 condidit,
2226 3500 2537 3564 objectuque
2558 3500 2664 3553 veli

1605 3577 1929 3639 cubicularis,
1951 3575 2089 3640 quod
2122 3576 2175 3624 in
2197 3576 2414 3626 introitu
2437 3574 2664 3627 cubiculi

1605 3659 1737 3715 erat,
1751 3667 1808 3702 se
1830 3651 1999 3702 texit!

1668 3728 1838 3779 Julius
1861 3727 2049 3777 Pollux
2067 3724 2318 3776 describit
2340 3726 2374 3775 l.
2399 3740 2456 3776 x.
2490 3726 2505 3754 ‘
2524 3725 2667 3776 Ante

1608 3803 1899 3860 cubiculum
1919 3802 1983 3851 ad
2007 3802 2163 3866 ἴοι-ει,
2198 3803 2328 3857 velis
2367 3817 2456 3853 seu
2479 3801 2669 3866 tapeti-

1608 3879 1704 3928 bus
1728 3878 1824 3927 tibi
1865 3893 1992 3941 opus
2015 3882 2126 3938 est;
2162 3878 2271 3927 sive
2306 3879 2524 3941 simplex
2558 3877 2671 3928 fue.

1608 3954 1678 4004 rit
1699 3955 1866 4002 velum
1888 3955 2077 4017 album,
2096 3954 2206 4004 sive
2238 3954 2394 4004 etiam
2414 3955 2589 4005 multis
2607 3968 2669 4004 ac

1610 4028 1765 4078 variis
1789 4022 2044 4079 coloribus
2067 4028 2299 4081 eniteat?
2470 4092 2477 4097 ·

1677 4106 1740 4154 1d
1762 4108 1932 4155 velum
1954 4106 2221 4156 levabatur
2261 4106 2317 4155 in
2355 4103 2672 4156 admissioni-

1600 4183 1726 4244 bus,
1745 4183 1945 4232 Seneca
1967 4182 2120 4245 epist.
2157 4187 2238 4232 81.
2272 4184 2287 4210 ‘
2305 4183 2427 4232 Nou
2467 4180 2674 4246 crepuit

1611 4257 1828 4307 subinde
1860 4257 2067 4322 ostium,
2086 4271 2190 4307 non
2225 4257 2550 4315 allevabatur
2586 4271 2672 4308 ve-

2433 4340 2468 4391 4
2489 4336 2542 4388 U
