3100 4925
410 404 462 457 J.
486 405 548 456 o.
571 402 680 468 sa]
1100 396 1513 450 ΑΝΝΑῐΛυΜ
1576 396 1723 448 mn.
1770 397 1944 447 xm.
2432 383 2607 451 1465

413 543 834 610 divisissent!
919 541 1058 608 Alii
1083 541 1547 607 necessitatem
1577 541 1934 605 adhibitam
1961 540 2313 607 eredebant
2340 560 2384 606 a
2407 542 2598 607 Prin-

413 645 618 729 cipe,¹'
646 647 913 712 sceleris
943 646 1074 710 sibi
1102 646 1378 709 conscio
1407 648 1475 707 et
1507 645 1767 710 veniam
1792 649 2117 725 sperante,
2147 645 2205 707 si
2233 644 2602 725 largitioni-

413 747 566 811 bus‘
603 748 1086 813 validissimum
1135 766 1465 832 quemque
1512 746 1997 809 obstrinxisset.
2086 743 2183 810 At
2225 745 2459 811 matris
2502 748 2609 813 ira

410 849 595 913 nulia
639 849 1089 913 munificentia
1135 848 1364 926 leniri;
1417 846 1535 910 sed
1588 847 1907 929 amplecti,
1923 845 2316 911 Octaviam:
2374 848 2607 930 crebra

415 969 566 1015 cum
597 951 830 1015 amieis
859 955 1115 1013 secreta
1135 948 1409 1011 habere:
1455 966 1654 1030 super
1683 948 2040 1028 ingenitam
2070 948 2445 1027 avaritiam,
2485 968 2607 1011 un-

415 1050 616 1135 dique
642 1051 987 1135 pecuniae,
1016 1050 1210 1132 qnasi
1241 1049 1311 1111 in
1343 1031 1763 1125 subsidium,‘¹
1796 1050 2154 1132 corripere3
2183 1049 2516 1114 Tribunos
2537 1054 2608 1116 et

413 1198 584 1240 essent
621 1189 675 1239 id
700 1192 800 1240 aevi
830 1190 990 1252 aedes,
1024 1190 1338 1255 praediaque,
1372 1195 1612 1254 tanquam
1647 1189 1867 1253 praedas.
1934 1189 2038 1238 Atii
2071 1171 2306 1253 putabant
2342 1189 2610 1252 impositam

409 1254 536 1318 ipsis
559 1256 878 1305 necessitatem
898 1270 930 1304 a
954 1256 1162 1314 Coesare,
1194 1256 1479 1303 concientia
1500 1254 1754 1315 facinoris,
1789 1258 1837 1302 et
1868 1255 1951 1316 qui
1970 1254 2152 1302 veniam
2172 1253 2280 1303 hinc
2296 1260 2527 1318 speraret,
2560 1254 2608 1306 st

404 1319 779 1381 potentissimum
802 1334 1024 1382 quemque
1045 1320 1328 1368 liberalitate
1348 1333 1432 1367 suu
1449 1318 1752 1368 devinxisset.
1818 1317 1912 1365 Sed
1931 1318 2216 1380 Agrippina·
2236 1319 2459 1367 violentia
2474 1319 2608 1370 nulla

412 1383 664 1458 largitione
681 1383 894 1458 placari,·
930 1398 1064 1432 ruere
1083 1383 1136 1431 in
1156 1384 1397 1458 amplexus
1421 1382 1841 1457 Octavioe3ynulta
1859 1396 1963 1430 eum
1988 1381 2312 1442 funditoribus
2340 1384 2471 1457 clam·
2494 1383 2608 1458 mis:

411 1461 511 1497 cere
533 1448 754 1506 σωματος
780 1452 959 1510 praeter
985 1448 1198 1496 innatam
1219 1447 1315 1496 sibi
1344 1460 1560 1510 pecunzoe
1575 1448 1902 1509 cupcdztatem,
1931 1448 2135 1509 undaque
2154 1461 2280 1511 opes,
2297 1448 2422 1496 venat
2452 1461 2505 1495 nt
2526 1460 2607 1497 sm

1371 1617 1376 1622 ,
1406 1561 1628 1613 NOTAE

439 1685 446 1690 -
480 1655 592 1706 Has
628 1661 799 1707 autem
824 1671 968 1721 opes,
1005 1658 1094 1707 illo
1127 1657 1347 1722 sublato,
1381 1658 1469 1723 qni
1550 1655 1832 1706 necessitas
1856 1622 2088 1720 parendi,
2103 1660 2213 1704 tum
2234 1668 2349 1704 enm
2363 1654 2609 1720 solicitet,

414 1731 622 1783 ultimus
645 1735 976 1784 Claudiorum
996 1736 1181 1798 baeres,
1203 1742 1262 1786 ut
1283 1735 1357 1784 sic
1381 1749 1467 1784 ve·
1549 1748 1666 1783 cum
1689 1739 1836 1797 rogat
1854 1733 2118 1796 princeps,
2139 1732 2381 1796 imperat.
2452 1763 2459 1768 ·

409 1808 508 1858 iuti
527 1811 692 1858 scelus
712 1809 946 1861 aboleret
962 1811 1126 1873 Nero,
1140 1810 1314 1860 divisit
1332 1812 1471 1860 inter

416 1885 629 1947 amicos,
649 1885 797 1949 quasi
830 1899 892 1935 eo
914 1886 1026 1948 ipso
1066 1900 1165 1936 non
1203 1886 1365 1949 magis
1388 1900 1474 1936 an-

418 1967 630 2023 geretur
651 1962 834 2011 scelus.

478 2036 568 2086 Sic
585 2037 820 2101 Agrippa
840 2037 1117 2088 Postumus
1134 2038 1329 2102 Caesar,
1345 2037 1474 2089 licet

416 2111 693 2175 adoptatus
718 2115 784 2163 ab
803 2112 1062 2177 Augusto,
1092 2114 1368 2179 repetebat
1398 2119 1474 2164 ta*

417 2201 537 2236 men
558 2193 777 2250 paterna
813 2188 965 2250 bona,
990 2204 1104 2254 quse
1126 2193 1475 2253 occupaverat

418 2260 703 2327 Angustus,
742 2270 802 2313 nt
839 2263 976 2313 forte
1011 2265 1169 2313 nimia
1208 2272 1264 2313 et
1299 2266 1476 2315 immo·

420 2338 567 2399 dica3
601 2338 886 2389 ditissimus
904 2341 1038 2390 enim
1055 2339 1291 2404 Agrippa
1308 2346 1473 2404 pater,

419 2413 487 2465 de
524 2429 629 2481 quo
668 2411 933 2467 Maecenas
969 2414 1177 2466 dicebat
1214 2414 1475 2480 Augusto,

418 2496 508 2540 aut
541 2490 685 2540 ilium
720 2490 1071 2541 asciscendum
1113 2491 1169 2539 in
1212 2505 1476 2556 generum,

417 2571 510 2615 ant
531 2566 820 2617 necandum
851 2581 984 2616 esse.
1050 2566 1197 2616 Inter
1228 2567 1328 2615 alia
1358 2583 1475 2632 pos·

415 2639 617 2692 sidebat
638 2643 1035 2706 Chersonesum,
1059 2644 1234 2692 Dione
1257 2649 1410 2695 teste.

487 2719 625 2774 Quod
656 2722 831 2784 domos,
858 2720 1039 2783 villas]
1091 2720 1256 2770 Villas
1286 2735 1474 2785 nempe

420 2794 732 2858 Britannici,
775 2810 864 2846 sen
910 2795 1242 2846 Claudiorum
1286 2797 1472 2861 gentis,

418 2869 567 2932 cnjus
595 2870 684 2919 ille
719 2872 930 2920 ultimus
962 2871 1168 2934 sangnis
1199 2877 1255 2919 et
1290 2872 1475 2920 haeres.

421 2944 492 2995 Et
513 2952 661 2996 certe
694 2947 830 2995 mala
851 2959 913 2995 ea
934 2945 1143 3009 gaudia,
1183 2950 1239 2995 et
1268 2944 1477 2995 funesta

421 3020 568 3070 dona
583 3020 907 3071 dominantis.

487 3094 744 3158 Intelligit
758 3095 1013 3144 Burrhum
1029 3102 1088 3146 et
1104 3096 1370 3160 Senecam,
1389 3096 1478 3162 qni

419 3175 480 3221 et
510 3185 632 3221 mox
650 3171 794 3222 velut
826 3172 991 3222 altero
1024 3173 1313 3237 parricidio,
1336 3175 1479 3241 (nam

421 3252 598 3309 patres
620 3252 677 3297 et
696 3247 919 3311 Reipnb.
954 3253 1010 3297 et
1040 3249 1289 3314 principis
1308 3252 1480 3303 voeari

359 3368 372 3377 ,
419 3321 750 3387 potuerunt,)
758 3324 1082 3387 occidentur,
1100 3324 1292 3376 invidia
1305 3327 1477 3377 nimiae

421 3398 689 3462 potentie,
709 3404 764 3448 et
783 3398 1069 3449 subitarum
1092 3415 1265 3465 opum.

484 3474 626 3525 Dein
642 3475 831 3539 etipsa
846 3475 1069 3526 Octavia
1088 3483 1261 3527 amota
1282 3478 1400 3526 aula
1422 3482 1478 3528 et

421 3551 673 3602 translata
712 3553 768 3601 in
809 3552 1012 3602 domum
1057 3553 1272 3616 Burrhi5
1314 3552 1477 3602 fatale

422 3625 579 3675 etiam
623 3625 814 3678 donum
849 3634 1124 3691 agnoscet:
1170 3630 1301 3678 talia
1344 3628 1479 3679 dona

420 3715 547 3752 vere
568 3700 738 3765 ἄδωρα.

431 3801 441 3808 ·
484 3775 510 3811 ⁸
541 3777 882 3828 Necessitatem
922 3780 1183 3830 adhibitam
1234 3780 1481 3831 credebam

420 3870 456 3904 e
487 3853 736 3918 Principe]
786 3855 872 3905 Sic
904 3857 940 3905 1.
980 3870 1102 3908 xxv.
1143 3861 1225 3907 14.
1268 3858 1285 3887 ‘
1311 3860 1480 3909 Notos

423 3944 630 3995 qnoque
662 3931 863 3995 equites
882 3933 1139 3983 Romanos
1161 3946 1348 3997 operas
1369 3947 1481 3983 are·

423 4019 508 4056 nas
528 4005 833 4069 promittere
854 4007 1062 4071 subegit
1090 4008 1236 4058 donis
1257 4008 1480 4072 ingenti-

422 4080 551 4141 διιεῖ
590 4079 691 4130 nisi
714 4082 852 4144 quod
867 4096 1067 4133 merces
1083 4083 1151 4132 ab
1167 4097 1251 4147 eo,
1277 4084 1367 4148 qui
1395 4084 1481 4146 jn-

423 4154 549 4211 bere
572 4160 765 4219 potest,
785 4157 890 4208 vim
911 4158 1239 4208 necessitatis
1262 4157 1443 4208 affert!

1620 1810 1960 1860 Necessitatem
1989 1808 2271 1871 adhibitum]
2309 1807 2465 1872 Apud
2486 1807 2612 1864 Tac.

1551 1883 1691 1934 infra
1709 1885 1744 1933 Ι.
1766 1897 1881 1935 xiv.
1901 1887 1981 1934 52.
2002 1883 2079 1933 sic
2099 1883 2297 1932 Seneca
2313 1882 2426 1945 ipse
2445 1883 2612 1948 loqui·

1555 1968 1668 2011 tnrz
1725 1961 1742 1989 ‘
1766 1961 1872 2010 Ubi
1905 1966 1986 2011 est
2019 1961 2217 2010 animus
2260 1960 2351 2009 ille
2393 1960 2611 2011 modicis

1552 2037 1860 2087 contentus?
1915 2038 2045 2087 tales
2084 2038 2260 2086 hortos
2294 2036 2521 2098 instruit,
2554 2040 2614 2087 et

1554 2127 1649 2177 per
1667 2114 1780 2163 haec
1803 2112 2097 2163 suburbana
2116 2111 2334 2175 incedit,
2367 2116 2423 2161 et
2453 2111 2614 2161 tantis

1554 2202 1794 2250 agrorum
1846 2188 2050 2252 spatiis,
2114 2195 2220 2237 tam
2263 2189 2371 2237 lato
2413 2186 2616 2242 foenore

1554 2263 1832 2314 exuberat?
1853 2278 1955 2313 una
1966 2262 2197 2314 defensio
2215 2263 2461 2326 occurrit,
2468 2263 2612 2326 quod

1555 2340 1854 2389 muneribus
1877 2340 1978 2389 tnis
1995 2340 2162 2389 obniti
2182 2353 2281 2388 non
2303 2339 2497 2403 debui,'
2514 2342 2615 2391 dre.

1620 2422 1641 2448 ⁶
1672 2415 1730 2465 Si
1750 2415 2104 2479 largitionibus]
2135 2416 2344 2480 Nempe
2374 2416 2487 2466 hoec
2511 2415 2612 2466 duo

1555 2498 1819 2556 usurpata,
1843 2499 1901 2541 nt
1920 2492 2087 2542 scelus
2110 2490 2434 2557 obtegerent,
2453 2492 2616 2555 impe-

1555 2574 1860 2632 trarentque
1873 2568 2075 2618 veniam
2093 2567 2384 2618 facinorum
2399 2583 2415 2628 ς
2456 2569 2616 2617 inter-

1554 2648 1719 2694 emtos
1770 2645 1972 2708 magnis
2015 2643 2295 2693 honoribus
2338 2657 2615 2709 proseque-

1554 2719 1760 2773 bantur.
1825 2720 1842 2749 ‘
1865 2719 1944 2768 Sit
1966 2719 2153 2781 Divus,
2187 2719 2309 2769 dum
2333 2734 2433 2769 non
2454 2720 2521 2769 sit
2541 2719 2616 2769 vi-

1554 2809 1647 2844 vus
1660 2794 1694 2843 ε’
1738 2801 1793 2844 et
1823 2809 2065 2858 proceres
2098 2794 2411 2845 iiberalitate
2444 2795 2616 2846 donis-

1557 2884 1656 2933 que
1678 2868 2097 2932 corrumpebant,
2118 2870 2265 2933 quasi
2287 2875 2346 2918 ut
2377 2868 2617 2922 facerent

1552 2958 1842 3007 commune,
1866 2944 2002 3009 quod
2035 2944 2182 2993 nnius
2205 2942 2378 2994 fuerat
2400 2943 2621 2996 crimen.

1550 3020 1570 3048 ⁴
1590 3021 1733 3072 Quos
1756 3021 1926 3071 scelus
1943 3019 2196 3085 inquinat,
2215 3020 2424 3086 aeqnat,’
2447 3020 2618 3087 inquit

1529 3149 1540 3153 ,
1558 3098 1812 3148 Lucanus.

1620 3170 1647 3205 ἅ
1680 3174 1831 3229 Quasi
1864 3173 1917 3222 in
1935 3174 2212 3239 subsidium]
2244 3174 2311 3223 Id
2328 3174 2615 3239 explicant,

1557 3248 1610 3297 in
1631 3248 1915 3298 subsidium
1951 3249 2073 3298 belli
2096 3250 2260 3299 civilis
2293 3251 2426 3314 qnod
2459 3251 2623 3314 agita·

1556 3324 1648 3373 bat
1666 3323 1985 3388 Agrippina;
2016 3326 2114 3374 hoc
2147 3326 2202 3374 in
2234 3340 2289 3375 re
2312 3340 2490 3375 verum
2519 3332 2618 3377 est.

1557 3400 1663 3449 Sed
1684 3414 1864 3449 sensns
1885 3400 2059 3450 Taciti
2093 3404 2312 3464 praecise
2335 3408 2433 3464 est,
2456 3402 2615 3452 corri-

1559 3476 1732 3539 puisse
1748 3477 2012 3539 pecunias,
2032 3476 2177 3539 quasi
2195 3476 2262 3525 ad
2280 3490 2423 3525 suam
2445 3490 2621 3526 neces·

1557 3550 1784 3613 sitatem,
1829 3552 1974 3615 qnasi
2018 3558 2077 3599 nt
2116 3565 2172 3599 se
2210 3551 2327 3614 ipsa
2368 3552 2620 3603 toleraret

1556 3633 1994 3690 sustentaretque,
2015 3633 2071 3676 et
2092 3627 2232 3676 iilam
2255 3627 2619 3679 necessitatem

1559 3716 1706 3752 suam
1730 3700 1862 3752 falso
1895 3702 2213 3752 obtendebat
2248 3701 2457 3751 foemina
2480 3702 2619 3753 bello

1560 3780 1720 3844 civili,
1740 3782 1880 3845 quod
1898 3782 2066 3831 animo
2089 3782 2412 3832 destinabatz
2444 3783 2621 3847 sicque
2678 3814 2687 3823 ·

1560 3858 1843 3906 necessitas
1888 3858 2142 3908 tolerandi
2163 3859 2474 3909 viduitatem
2508 3864 2620 3909 tan·

1563 3938 1673 3981 tum
1693 3939 1980 3996 praetextus
2002 3932 2120 3985 fuit.

1626 4010 1712 4059 Ne
1734 4010 1892 4074 igitur
1913 4012 2141 4074 explices
2162 4011 2265 4072 hic,
2287 4012 2423 4074 quusi
2443 4010 2495 4059 in
2513 4011 2622 4060 sub·

1560 4084 1734 4134 sidimn
1753 4085 1895 4151 belli,
1923 4089 2007 4136 sed
2039 4087 2174 4150 quasi
2194 4088 2246 4135 in
2266 4086 2526 4136 subsidium
2543 4086 2623 4135 ssi

1565 4162 1882 4226 congerebat
1924 4163 2182 4226 pecunias.
2269 4164 2427 4212 Certe
2470 4159 2621 4210 subsi-

491 4229 834 4284 Necessitatem
856 4231 1142 4297 adhibitam
1171 4234 1265 4285 Vis
1308 4241 1391 4288 est
1427 4238 1485 4286 et
1563 4237 1695 4288 dium
1727 4236 1804 4287 net
1837 4235 1942 4291 fuit
1983 4237 2185 4303 species
2216 4242 2272 4287 et
2294 4239 2604 4303 praetextus
