3100 4925
490 407 663 504 1348
2092 424 2185 489 [Α.
2201 427 2267 478 U.
2287 429 2403 478 sor.
2423 426 2478 479 J.
2501 426 2561 479 c.
2583 426 2693 489 ει]

491 570 716 634 subter
743 565 956 630 undas
984 567 1175 631 saxis
1202 565 1580 641 exterrita,¹¹’
1622 565 1873 629 omisso
1903 564 2168 629 alterius
2196 565 2432 630 littoris
2476 566 2686 643 flexu,
2714 542 2723 546 ’

490 671 616 734 hos
644 668 732 733 ad
752 672 989 752 portus
1018 667 1321 731 defertur.
1397 665 1595 730 Unde
1622 667 1837 750 primo
1866 668 2235 750 quaestuosi
2264 673 2330 732 et
2357 668 2688 758 opulenti3

1090 424 1155 471 G.
1199 421 1394 470 coRN
1405 421 1555 469 ELII
1602 420 1873 469 ’ῙἋῦῙΊἹ4

488 834 652 884 relicto
672 832 795 896 ripoe
810 832 1005 881 alter-ius
1023 837 1199 893 tractu,
1213 835 1277 881 ad
1296 834 1431 882 hasce
1451 848 1559 881 orus
1578 833 1841 883 devehitur.
1911 835 2019 889 Qua
2038 836 2098 882 de
2120 848 2264 882 eausa
2291 832 2498 894 primum
2527 833 2689 902 affine-

491 899 604 948 bunt
639 898 766 946 lucro
788 902 924 960 atque
941 897 1104 960 opibus
1122 897 1378 975 Byzantii.
1441 898 1572 948 Dein
1591 899 1753 947 nimiis
1781 898 1977 948 tributis
2008 897 2162 962 pressi
2180 898 2450 960 attritique,
2476 909 2688 990 onerum

1494 1012 1705 1064 NOTAE

489 1127 568 1176 vis
599 1125 878 1175 lectionem
917 1124 1127 1175 defendi
1162 1139 1332 1188 posse,
1372 1131 1430 1174 tu
1463 1126 1552 1174 de-

490 1200 695 1252 fendes.
755 1199 988 1264 lipsius.

555 1280 638 1329 Ex
682 1278 942 1328 Maeoticis
1013 1278 1285 1341 paludibus
1340 1277 1554 1327 exibant

488 1355 724 1419 piscesin
747 1360 960 1418 pontum
973 1354 1239 1418 Bosphoro
1261 1348 1555 1416 Cimmerio,

490 1437 546 1481 et
568 1446 633 1480 ex
654 1435 813 1494 ponto
833 1444 929 1492 per
939 1430 1263 1494 Bosphorum
1279 1430 1551 1480 Thracium

486 1507 555 1558 iu.
580 1505 976 1568 Propontidem,
1005 1511 1061 1554 et
1100 1506 1219 1555 hinc
1240 1501 1550 1569 Byzantium

491 1579 809 1640 affluebant3
844 1585 900 1628 et
919 1580 985 1629 ad
1004 1580 1137 1629 hanc
1159 1581 1388 1644 regulam
1405 1581 1554 1630 intel-

486 1655 684 1724 ligendi
716 1656 919 1706 Plinius
953 1657 1209 1706 et‘Divus
1232 1657 1551 1709 Ambrosius.

489 1734 536 1784 E
559 1740 744 1783 natura
765 1732 947 1782 eadem
970 1739 1049 1784 est
1085 1725 1433 1794 etiamnunc,
1453 1748 1550 1783 nec

488 1808 626 1860 fallit
648 1815 739 1870 aut
760 1804 1007 1859 mutatur.
1071 1808 1331 1874 Pelamys,
1348 1807 1550 1859 Gallice

552 1964 785 2027 Pontum]
817 1963 1017 2013 Pontus
1034 1961 1285 2025 Euxinus,
1303 1976 1424 2025 pars
1444 1977 1548 2011 ma-

487 2039 560 2088 ris
603 2039 979 2087 Mediterranei
1020 2039 1126 2086 late
1175 2037 1352 2099 sumti,
1398 2038 1549 2087 alluit

485 2127 602 2162 oras
645 2113 848 2176 Illyrici
898 2113 1009 2161 late
1064 2112 1240 2175 sumti,
1276 2112 1547 2162 Sarmatiae

485 2186 760 2251 Europaeae
801 2192 859 2237 et
894 2186 1157 2246 Asiaticae,
1188 2187 1471 2250 Colchidis,
1493 2194 1549 2238 et

486 2260 636 2312 Asiae.
650 2263 860 2312 minoris
883 2263 1186 2327 peninsulae.

553 2337 729 2388 Hodie
749 2353 992 2388 vocamus
1026 2339 1334 2403 Mer-Noire,
1359 2346 1415 2389 et
1438 2341 1551 2389 Mer

490 2415 733 2480 Mnjeure,
753 2430 937 2466 nomen
974 2417 1238 2483 antiquum
1278 2419 1435 2473 etiam
1472 2433 1549 2467 re-

481 2491 628 2541 tinet
649 2493 991 2542 Pom-Euxim
1027 2500 1108 2542 est
1120 2494 1257 2542 inter
1276 2495 1548 2545 Turcicum

485 2567 760 2630 imperium
779 2570 1107 2630 Europaeum,
1121 2569 1413 2631 Poloniaru,
1430 2585 1547 2633 par-

483 2656 603 2690 vam
641 2643 953 2704 Tartariam‚
1002 2643 1328 2703 Circassiam‚
1382 2647 1545 2696 Geor-

485 2716 642 2781 gium,
665 2723 721 2766 et
742 2717 1028 2780 Natoliam,
1049 2719 1284 2783 regiones
1319 2722 1546 2786 Europae

484 2800 543 2843 et
560 2792 701 2845 Asiae
725 2795 1089 2844 recentiorum.
1127 2796 1447 2847 Tillemom'us.

550 2876 587 2902 Π
620 2871 690 2918 Et
723 2869 920 2933 obliquis
940 2870 1101 2920 subter
1120 2875 1272 2921 undas
1300 2874 1432 2922 saxis
1462 2888 1545 2923 ex-

483 2944 682 3007 territa]
716 2946 846 2996 Quae
869 2947 970 2994 ista
990 2946 1200 3010 obliqua
1224 2963 1348 2995 saxa
1367 2949 1544 2998 subter

486 3019 686 3068 nudas?
737 3028 888 3083 turpe
928 3021 1109 3069 vitium
1143 3023 1459 3085 emendavit,
1492 3024 1544 3072 ni

482 3090 656 3153 fallor,
670 3091 889 3154 juvante
920 3094 1194 3155 Strabone,
1236 3091 1544 3149 Franciscus

480 3164 720 3221 Medices
740 3183 752 3215 ε
778 3168 865 3232 qui
885 3168 934 3216 iu
955 3183 1047 3217 suo
1062 3170 1244 3220 codice
1260 3173 1547 3234 annotavit,

477 3238 752 3303 legendum
786 3243 885 3292 sibi
919 3243 1098 3305 videri,
1118 3250 1167 3293 et
1192 3245 1311 3295 albis
1329 3246 1455 3313 (vel,
1475 3250 1545 3298 al»

484 3310 632 3382 Bidis)
650 3319 812 3368 subter
831 3322 980 3369 undas
999 3322 1131 3370 saxis
1150 3324 1395 3372 exten-ita.

547 3392 814 3444 Strabonis
834 3394 995 3445 verba
1009 3397 1193 3446 Latine
1208 3413 1452 3449 conversa
1476 3416 1541 3450 ex

485 3470 579 3520 lib.
600 3485 699 3521 vn.
726 3472 850 3520 talia
871 3480 1024 3522 sunt:
1074 3475 1089 3500 ‘
1110 3476 1300 3524 Earum
1334 3493 1547 3540 genera·

486 3540 579 3606 tio,
610 3546 942 3610 (Pelamydes
981 3547 1047 3596 ab
1076 3563 1137 3596 eo
1176 3552 1544 3616 appellantur,)

485 3619 542 3669 in
567 3622 826 3673 Maeoticis
850 3625 1117 3687 paludibus
1139 3626 1214 3676 fit.
1268 3627 1399 3677 Inde
1421 3645 1543 3678 vero

491 3696 739 3757 paulatim
781 3709 1074 3761 erumpunt,
1097 3715 1253 3764 grege
1281 3701 1427 3752 facto
1450 3719 1546 3771 per

488 3783 547 3818 os
569 3769 757 3832 ipsum,
776 3788 835 3821 ac
852 3781 1071 3837 propter
1088 3776 1236 3824 littus
1260 3777 1544 3829 Asiaticum

487 3857 653 3908 usque
690 3846 1065 3908 Trapezuntem
1105 3864 1165 3897 ac
1206 3842 1543 3904 Pharnaciam

482 3926 779 3969 excurrunt.
849 3923 988 3972 Hinc
1018 3925 1238 3985 primum
1259 3941 1433 3977 earum
1458 3944 1542 3981 ve-

478 3993 623 4045 natio
646 3994 843 4057 existit,
873 4011 976 4046 non
1010 4000 1183 4061 copios
1188 4016 1218 4048 a
1250 4002 1540 4068 admodum,

476 4063 703 4119 nondum
734 4071 869 4119 enim
902 4075 1210 4123 couveniens
1252 4083 1330 4128 est
1369 4079 1539 4128 multi-

478 4143 621 4197 tudo.
688 4146 790 4194 Sed
831 4153 890 4196 nt
930 4147 1173 4213 Sinopem
1212 4152 1422 4215 propius
1454 4169 1537 4204 ac·

1630 1130 1713 1176 est
1745 1126 1982 1190 piscatio,
2013 1125 2162 1174 simul
2195 1130 2249 1173 et
2285 1124 2695 1180 salsamentaria.

1631 1201 1916 1265 Postquam
1957 1216 2083 1251 vero
2116 1203 2350 1265 Cyaneas
2372 1197 2691 1262 transierint,

1632 1291 1699 1325 ex
1719 1278 1834 1341 ripa
1871 1276 2216 1328 chalcedonia
2250 1277 2477 1326 albicans
2508 1292 2689 1328 occur-

1632 1354 1703 1404 rit
1741 1360 1892 1418 petra
1926 1354 2193 1420 quaedam:
2226 1360 2411 1403 tantus,
2433 1355 2553 1404 hinc
2573 1355 2691 1405 bes-

1632 1431 1718 1479 tiis
1755 1430 1882 1495 ipsis
1910 1437 2076 1480 terror
2105 1430 2374 1493 incutitur,
2395 1437 2456 1480 ut
2479 1446 2509 1478 e
2531 1432 2691 1481 vesti'-

1631 1507 1715 1569 gio
1759 1508 1814 1556 in
1866 1507 2165 1556 ulteriorem
2210 1510 2591 1557 convertantur
2621 1509 2692 1557 ri·-

1630 1581 1787 1644 pam.’
1853 1581 2055 1632 Plinius
2078 1596 2278 1648 quoque
2296 1583 2362 1632 de
2383 1583 2565 1633 iisdem
2589 1577 2691 1648 pis*-

1630 1657 1774 1706 eibus
1805 1658 2019 1721 loquens
2057 1658 2147 1707 lib.
2171 1672 2250 1707 rx·
2282 1663 2362 1708 15.
2397 1660 2502 1709 ait:
2551 1661 2567 1688 ‘
2591 1662 2690 1710 Est

1631 1730 1685 1780 in
1718 1732 1913 1796 Euripo
1943 1733 2145 1783 Thracii
2180 1733 2526 1798 Bosphori,in
2560 1735 2692 1798 ipsis

1630 1810 1889 1873 Europam
1926 1809 2210 1874 Asiamque
2246 1812 2534 1874 separantis
2558 1811 2690 1862 ‘freti

1631 1886 1897 1949 angustiis,
1918 1887 2097 1935 saxum
2129 1887 2245 1936 miri
2268 1887 2525 1950 candoris,
2547 1904 2576 1937 a
2601 1904 2689 1938 va-

1629 1961 1697 2010 do
1717 1962 1782 2010 ad
1806 1977 2003 2012 summa
2039 1964 2331 2028 perlucens,
2354 1964 2511 2026 juxta
2538 1965 2692 2014 Chal-

1628 2035 1877 2086 cedonam
1910 2039 1964 2086 in
1993 2040 2160 2088 latere
2189 2040 2352 2093 Asiae.
2418 2041 2590 2106 Hujus
2612 2056 2688 2093 as·

1628 2119 1789 2174 pectu
1811 2121 2028 2177 repente
2069 2116 2258 2179 territi,
2279 2132 2484 2181 semper
2506 2118 2688 2167 adver-

1628 2202 1742 2237 sum
1779 2189 2017 2252 Byzantii
2052 2193 2474 2255 promontorium,
2517 2209 2585 2242 ex
2626 2209 2689 2245 ea

1628 2278 1785 2313 causa
1823 2266 2139 2328 appellatum
2177 2269 2468 2332 auricornu,
2504 2270 2688 2333 praeci·

1629 2338 1729 2402 piti
1771 2347 1960 2403 petunt
2002 2343 2222 2405 agmine.
2289 2344 2478 2408 Itaque
2521 2346 2687 2395 omnis

1630 2421 1853 2478 captura
1888 2416 2134 2480 Byzantii
2156 2424 2237 2469 est
2264 2433 2452 2485 magna
2472 2417 2688 2476 Chalce-

1631 2491 1776 2540 donis
1800 2495 2036 2554 penu'ria.
2039 2495 2055 2516 '
2089 2495 2316 2544 Pichena.

1693 2567 2054 2617 Correctiones
2085 2570 2188 2619 illae
2212 2578 2488 2635 suspectae,
2518 2584 2688 2637 uanae,

1628 2646 1684 2691 et
1705 2638 1895 2707 saepius
1916 2644 2084 2695 falsae.
2149 2645 2349 2696 Sufficit
2372 2649 2509 2712 apud
2532 2648 2688 2699 Taci-

1629 2722 1756 2780 tum,
1769 2733 1893 2767 saxa
1912 2718 2003 2768 illa
2017 2719 2202 2785 obliqua
2217 2736 2351 2784 esse,
2371 2729 2425 2771 et
2445 2729 2687 2775 exterrere

1627 2792 1795 2855 pisces
1836 2793 1887 2842 in
1909 2809 2050 2843 oram
2083 2797 2369 2860 adversam,
2405 2799 2554 2862 cujus
2581 2800 2687 2849 sint

1626 2869 1836 2932 coloris,
1873 2885 2054 2933 parum
2098 2879 2268 2936 curat,
2304 2888 2402 2924 nec
2440 2875 2684 2933 minutias

1624 2944 1740 2993 illas
1760 2948 2088 3011 persequitur
2105 2950 2338 2999 Tacitus,
2426 2983 2430 2987 -

1693 3021 1931 3085 Obliquis]
1963 3022 2069 3072 Alii
2091 3025 2270 3074 volunt
2286 3026 2421 3077 albis.
2454 3028 2684 3078 Possunt

1624 3094 1887 3145 sublatere
1910 3098 2058 3161 aquis
2096 3113 2222 3148 saxa
2260 3115 2375 3164 quae
2412 3101 2517 3151 sint
2548 3103 2686 3166 alba,

1625 3170 1775 3220 simul
1799 3178 1855 3221 et
1876 3172 2113 3239 obliqua;
2150 3177 2242 3228 sed
2266 3177 2331 3244 de
2353 3178 2554 3243 obliquis
2568 3187 2686 3230 tan«

1624 3252 1735 3296 tum
1756 3249 1992 3300 Tacitus.

1692 3323 1907 3388 Obliquis
1945 3326 2109 3376 subter
2160 3330 2331 3393 undas]
2407 3332 2683 3395 Quaerunt,

1625 3414 1742 3462 quae
1765 3399 1878 3450 haec
1915 3398 2035 3451 saxu
2065 3402 2286 3467 obliqua?
2336 3407 2449 3469 Ego
2471 3407 2678 3457 dicam:

1595 3509 1599 3513 -
1624 3489 1655 3522 e
1676 3476 1856 3527 littore
1878 3478 2217 3529 Chalcedonis
2238 3497 2364 3530 saxa
2383 3498 2413 3531 a
2435 3484 2603 3533 latere
2625 3498 2681 3533 se

1624 3553 1921 3616 ostendunt,
1965 3562 2021 3604 et
2064 3557 2208 3606 velut
2262 3571 2329 3605 ex
2370 3564 2682 3622 transverso,

1620 3627 1889 3690 (Straboni
1909 3630 2204 3695 scriptum,)
2235 3639 2391 3696 atque
2432 3648 2494 3682 ea
2518 3634 2683 3698 igitur

1623 3699 1852 3764 fugiunt.
1938 3702 2014 3753 At
2068 3706 2370 3756 Franciscus
2428 3708 2682 3784 Medices,

1626 3778 1746 3839 quia
1764 3779 1955 3829 Strabo
1976 3781 2112 3842 idem
2136 3789 2190 3831 et
2213 3783 2409 3832 Plinius
2430 3787 2682 3835 carrdidum

1621 3864 1790 3900 saxum
1810 3852 1863 3901 id
1887 3854 2084 3917 dicunt,
2105 3858 2267 3907 vellet
2298 3859 2379 3906 hic
2402 3860 2525 3922 legi,
2545 3860 2683 3929 albis,

1622 3928 1705 3975 vel
1725 3929 1913 3994 albidis,
1933 3946 2028 3994 pro
2052 3947 2199 3994 voce,
2220 3933 2435 3997 obliquis.

1685 4004 1888 4053 Vellem
1910 4012 1964 4054 et
1987 4021 2083 4069 ego
2104 4007 2322 4058 hominis
2345 4014 2517 4059 causa.
2551 4011 2684 4063 Quis

1618 4078 1756 4126 enim
1800 4080 2032 4129 Musicus
2078 4083 2314 4133 Medices
2354 4100 2458 4134 non
2499 4088 2678 4137 amet?

1618 4153 1712 4201 sed
1754 4168 1857 4204 non
1897 4170 2104 4218 possum
2153 4159 2285 4209 hanc
2334 4161 2677 4231 peraudacem

480 4219 749 4288 cesserint,
779 4221 1064 4305 speciosior
1097 4223 1336 4303 nimirum
1358 4241 1538 4309 earum
1615 4229 1987 4294 conjecturam.
2017 4234 2224 4300 lapsum
2266 4262 2267 4265 ¹
