3100 4925
410 368 587 437 1288

406 533 730 607 habitum,
759 529 1002 611 probra
1030 511 1114 592 aa
1140 528 1415 592 verbera
1452 524 1871 592 intentabat.¹²
1956 525 2046 590 Et
2091 526 2297 617 erant'
2327 525 2611 604 contra,8

410 637 525 718 qui
553 637 804 697 tantam
828 630 1105 694 fortunae
1134 629 1738 693 commutationem⁹
1763 628 2243 692 miserarentur.
2334 626 2612 692 Secuta·-

412 752 543 818 que
574 748 725 796 cum
750 732 979 813 parvis
1005 732 1231 795 liberis
1263 728 1513 812 conjux
1543 734 1786 793 cuncta
1826 728 2293 792 lamentatione
2323 730 2613 811 eomple-

411 836 544 900 bat.
636 820 942 898 Diversis
972 839 1039 896 et
1068 833 1397 897 contectis
1428 828 1779 896 vehiculisi
1810 829 2212 909 abduntur,¹0
2239 831 2399 894 dum
2435 830 2617 894 Pha-

410 935 736 1000 rasmanis
766 934 963 1018 jussa
1009 935 1524 1018 exquirerentur.
1616 932 1726 997 Illi
1766 932 2012 1016 cupido
2042 930 2263 1014 Regni
2308 931 2506 995 fratre
2551 936 2616 996 et

1090 385 1156 431 ο.
1200 372 1562 431 commun
1610 378 1867 430 'rAOI'l'I
2291 386 2384 450 [Α.
2403 384 2474 438 U.
2494 391 2641 441 305‚,

409 1115 570 1166 minas
588 1116 756 1166 leniter
776 1117 1095 1180 imperitarent,
1113 1115 1412 1165 contumelias
1431 1119 1481 1164 et
1518 1116 1641 1165 ictas
1659 1115 1945 1167 intentabat.
2014 1115 2084 1163 Et
2105 1118 2270 1163 contra
2289 1128 2384 1163 non
2400 1112 2616 1176 deerm,

415 1181 499 1245 qui
534 1185 718 1229 tantam
733 1176 950 1240 fortunoe
971 1180 1288 1229 calamitatem
1307 1181 1546 1242 deflerent.
1616 1181 1687 1229 Et
1729 1194 1922 1242 sequens
1958 1178 2100 1228 illum
2122 1195 2230 1228 cum
2259 1178 2472 1241 parvalis
2487 1178 2617 1243 filiis
2636 1192 2652 1209 ·

412 1259 552 1306 uxor,
572 1245 728 1294 omnia
751 1244 1000 1305 eiulatibus
1020 1244 1247 1307 replebat.
1312 1245 1535 1293 Diversis
1559 1249 1606 1319 et
1629 1245 1811 1319 opertis
1821 1244 1981 1304 rhedis
1999 1245 2301 1318 clauduntur,
2321 1244 2465 1319 donec
2486 1257 2617 1316 maa·

412 1310 528 1358 data
548 1310 890 1358 Pharasmanis
909 1314 1284 1372 exposcet-eatur.
1352 1310 1386 1359 Ι
1386 1309 1440 1358 lli
1471 1310 1745 1358 dammandi
1776 1307 1922 1358 libido
1948 1307 2113 1369 fratre
2145 1312 2193 1357 et
2216 1307 2334 1374 filia
2355 1312 2617 1371 antiquior,

1339 1434 1696 1455 OOO&OOOO&OOO

415 1518 615 1582 stringe
638 1518 870 1568 catenis!
893 1519 1223 1582 Ryckius.—8
1259 1519 1396 1567 Flor.
1411 1520 1544 1583 Reg.
1569 1528 1625 1569 et
1642 1534 1815 1569 meus:
1840 1522 1909 1570 Et
1928 1524 2063 1569 aaut
2083 1534 2109 1567 e
2129 1524 2290 1568 contra
2303 1535 2325 1577 ,·
2350 1523 2410 1568 ut
2424 1515 2621 1566 Editio·

414 1597 508 1632 nes
531 1585 795 1646 pleraeque
834 1585 1101 1643 hactenus,
1121 1589 1313 1645 praeter
1337 1583 1698 1634 Beroaldinam
1721 1591 1777 1633 et
1799 1583 2051 1645 Rhenani,
2072 1599 2207 1647 quae,
2223 1588 2271 1632 et
2285 1588 2420 1631 erant
2437 1586 2619 1630 contra.

420 1646 553 1696 Cum
576 1663 699 1696 vero
720 1662 746 1695 e
767 1652 947 1709 contra,
969 1662 1000 1695 e
1023 1647 1177 1696 medii
1213 1649 1310 1697 aevi
1333 1649 1620 1698 Latinitate
1644 1650 1824 1698 Tacito
1861 1664 1892 1697 a
1929 1649 2153 1696 librariis
2176 1647 2418 1696 videatur
2441 1644 2624 1695 admis-

417 1714 551 1770 tum,
591 1712 905 1760 Beroaldum
948 1718 1004 1759 et
1037 1713 1338 1761 Rhenanam
1374 1714 1664 1777 sequendos
1702 1713 2010 1763 existimavi.
2048 1712 2423 1760 Idem—Erant
2442 1715 2624 1772 contra,

418 1775 550 1825 Mss.
574 1776 720 1826 Harl.
740 1777 889 1826 Bodl.
912 1776 1019 1827 Jes.
1041 1774 1219 1825 Guelf.
1242 1784 1297 1825 et
1338 1777 1676 1828 Puteolanus.
1743 1777 1807 1826 In
1830 1778 1934 1826 Ms.
1957 1778 2096 1826 Flor.
2120 1783 2175 1826 et
2213 1776 2444 1824 editione
2482 1773 2624 1838 prin·
2726 1768 2739 1779 ⁰

416 1839 558 1903 cipe,
578 1846 715 1889 eraut
735 1845 938 1890 econtra.
1005 1839 1080 1890 At
1115 1842 1337 1890 barbara
1359 1848 1442 1890 est
1460 1856 1562 1890 vox
1585 1844 1674 1891 illa
1693 1847 1899 1904 econtra,
1922 1856 2020 1890 nec
2059 1841 2157 1889 nisi
2189 1840 2411 1904 sequiori
2449 1843 2624 1900 aetate,

414 1903 472 1953 in
510 1919 610 1968 qna
643 1905 891 1967 descripti
931 1914 1049 1953 sunt
1089 1905 1314 1963 codices,
1370 1913 1599 1967 recepta.
1667 1906 1984 1956 Erotion—9
2019 1905 2165 1954 Male
2208 1904 2528 1954 Puteolanus
2566 1906 2623 1952 et

418 1968 547 2019 Mas·
570 1969 719 2016 Harl.
744 1969 894 2016 Bodl.
918 1968 1028 2019 Jes.
1060 1971 1424 2017 commotionem.
1492 1970 1556 2017 In
1595 1971 1827 2033 margine
1867 1970 1992 2018 Mss.
2017 1969 2167 2031 Harl.
2189 1975 2245 2018 et
2277 1967 2431 2018 Bodl.
2452 1981 2623 2017 emen-

420 2030 621 2094 datum,
643 2033 1060 2080 commatationem.
1095 2031 1392 2081 Idem—10
1428 2033 1530 2083 Ma.
1558 2033 1706 2082 Harl.
1731 2041 1787 2082 et
1803 2033 1912 2084 Jes.
1932 2032 2234 2084 abducuntur.

1334 2180 1340 2187 „
1416 2144 1636 2195 NOTAE

419 2239 869 2301 interficerentur?
1563 2244 1748 2293 melior
1767 2254 1972 2293 sensus:
2010 2248 2066 2292 et
2085 2242 2221 2308 quod
2242 2240 2574 2305 dedecorum,
2595 2254 2628 2290 a

423 2334 428 2339 ·
485 2318 627 2374 Quod
662 2320 936 2368 dedecorum
970 2317 1205 2381 barbaris]
1235 2319 1484 2384 Intellige
1563 2320 1794 2371 barbaris
1815 2321 2142 2370 trahebatur.

422 2395 694 2458 praecipue
731 2395 797 2443 de
833 2395 1041 2458 regibus
1063 2395 1276 2445 barbaris
1297 2404 1353 2446 et
1390 2397 1487 2445 ori·
1628 2394 1654 2429 ¹¹
1688 2395 1874 2445 Probra
1912 2402 1961 2445 et
1991 2396 2187 2444 verbera
2218 2394 2505 2458 intentabat]
2540 2394 2628 2444 Sic

423 2473 698 2521 entalibus.
767 2472 831 2520 In
854 2474 984 2534 aliis,
1006 2481 1094 2521 aut
1122 2474 1176 2522 in
1194 2475 1365 2536 plebe,
1383 2489 1485 2523 non
1564 2472 1684 2522 hist.
1727 2485 1815 2523 ιιι.
1850 2476 1935 2523 31.
1969 2474 1985 2501 ‘
2010 2473 2477 2522 circumsteterant
2522 2471 2624 2521 vic·

422 2547 479 2597 id
503 2548 687 2596 mirum
721 2553 811 2596 aut
850 2549 1127 2599 insolitum.
1195 2549 1486 2598 Universim
1569 2554 1708 2597 tores
1746 2555 1802 2596 et
1846 2547 2012 2610 primo
2057 2547 2366 2612 ingerebant
2418 2548 2628 2613 probra,

424 2624 588 2673 etiam
619 2623 835 2672 barbaris
871 2623 923 2672 id
960 2625 1259 2673 indecorum
1280 2625 1490 2675 videba-
1568 2623 1901 2672 intentabant
1943 2623 2117 2672 ictus!
2184 2624 2271 2674 Sic
2317 2623 2443 2673 alibi
2476 2624 2628 2688 dixit,

426 2701 589 2750 turin
613 2715 766 2765 rege:
801 2716 969 2765 neque
994 2702 1131 2749 enim
1156 2700 1251 2749 tali
1285 2709 1489 2764 specta·
1570 2698 1585 2727 ‘
1608 2698 1798 2760 voces,’
1820 2698 1836 2724 ‘
1861 2697 2004 2759 tela,'
2024 2699 2040 2726 ‘
2063 2699 2563 2749 manus'intentare.'

425 2776 545 2826 culo
592 2783 927 2825 assueverant
979 2777 1255 2840 populares
1303 2776 1397 2840 illi,
1428 2782 1491 2828 ut

426 2847 667 2911 Romani,
706 2854 793 2916 qui
840 2867 978 2915 saepe
1018 2852 1146 2901 talia
1192 2851 1490 2917 spectacula

425 2927 688 2989 viderant,
712 2926 767 2975 in
787 2928 904 2990 ipsa
926 2927 1053 2976 urbe
1084 2931 1141 2976 et
1175 2941 1267 2990 per
1288 2928 1490 2991 provin-

427 3004 553 3053 cias.

494 3078 666 3142 Igitur
685 3077 739 3126 id
762 3077 1075 3127 dedecorum
1108 3077 1237 3141 ipsis
1268 3079 1492 3143 regibus,

427 3156 514 3205 vel
537 3154 693 3204 etiam
731 3155 857 3218 ipsis
891 3154 1240 3218 popularibus,
1260 3156 1346 3219 qui
1384 3158 1490 3206 tale.

427 3230 659 3281 dedecus
672 3238 974 3295 spectarent
997 3231 1050 3280 in
1074 3246 1214 3297 rege,
1226 3233 1312 3281 vel
1332 3233 1491 3283 etiam

427 3307 678 3372 utrisque.

499 3385 781 3449 Comparat
837 3386 1046 3435 Tacitus
1098 3383 1185 3437 hic
1229 3385 1492 3439 Romanos

431 3461 548 3508 'cum
573 3460 823 3510 barbaris.
874 3462 1094 3510 Romani
1111 3462 1300 3511 talibus
1323 3478 1495 3513 ‘assue-

430 3540 639 3598 verant,
676 3536 785 3585 sive
824 3537 876 3584 in
918 3537 1089 3600 plebe,
1132 3538 1241 3587 sive
1276 3539 1328 3587 in
1369 3539 1494 3602 ipsis

432 3609 641 3672 regibus
662 3626 678 3670 ς
710 3626 814 3660 non
832 3614 954 3661 item
978 3613 1182 3662 barbari
1200 3614 1291 3677 illi,
1311 3615 1494 3680 quibus

432 3684 694 3735 insolitum
717 3687 769 3735 id
800 3689 1172 3750 spectaculum.

496 3760 649 3812 Dicit
667 3760 722 3809 id
756 3763 1057 3811 indecorum
1080 3763 1328 3829 barbaris,
1349 3768 1498 3831 quasi

431 3835 520 3886 vel
559 3834 751 3886 inferat
791 3839 911 3886 exin
935 3839 1156 3888 barbaros
1176 3839 1365 3902 fuisse;
1404 3843 1497 3893 sed

432 3910 574 3961 forte
596 3911 859 3977 praecipue
874 3912 1090 3976 foedum,
1106 3916 1225 3979 quia
1244 3917 1382 3981 apud
1405 3934 1495 3983 po·

429 3987 643 4051 pulares
662 3993 717 4036 et
738 3988 787 4037 in
803 4002 983 4038 eorum
1000 3997 1287 4055 conspectu
1302 3992 1495 4046 fiebat}

435 4077 555 4113 nam
594 4064 828 4115 absolute
866 4066 920 4115 id
959 4066 1271 4118 dedecorum
1298 4071 1501 4135 quibus-

439 4151 658 4204 cumque
679 4141 1005 4208 mortalibus,
1024 4144 1112 4210 qui
1139 4144 1193 4195 id
1215 4143 1414 4198 ferrent
1445 4149 1499 4198 in

433 4227 515 4279 se,
556 4224 649 4267 sut
690 4224 997 4282 spectarent
1048 4219 1101 4272 in
1143 4233 1306 4287 rege:
1359 4221 1499 4278 forte

1633 2774 1756 2835 Sed,
1773 2782 1918 2837 puto,
1932 2773 2366 2838 distinguendum.
2397 2777 2535 2825 Nam
2558 2771 2634 2824 ibi

1569 2849 1789 2899 verbera
1807 2851 2152 2914 intentabant,
2175 2852 2228 2900 id
2250 2859 2351 2915 est,
2369 2851 2632 2901 minaban-

1571 2929 1676 2989 tur,
1696 2932 1752 2975 at
1773 2941 1898 2975 vero
1921 2927 2114 2990 probra
2135 2942 2238 2979 non
2270 2933 2473 2977 tantum
2495 2942 2632 2977 com-

1571 3003 1900 3053 minabantur
1932 3003 2017 3053 hic
2057 3007 2187 3067 regi,
2210 3004 2302 3054 sed
2325 3006 2482 3055 etiam
2502 3006 2634 3068 inge-

1569 3081 1754 3146 rebant,
1774 3089 1832 3132 et
1852 3095 1978 3131 vere
2001 3082 2206 3147 probris
2241 3083 2632 3133 insectabantur

1570 3158 1817 3208 miserum
1856 3173 2067 3222 regem3
2122 3174 2241 3208 cum
2280 3166 2483 3209 tantum
2522 3173 2637 3208 ver-

1572 3233 1701 3284 bera
1737 3250 1825 3284 seu
1855 3250 2034 3285 manus
2073 3235 2392 3285 intentarent
2425 3234 2515 3284 alii
2547 3231 2637 3286 isti

1570 3310 1661 3361 lib.
1678 3312 1794 3362 hist.
1817 3325 1908 3361 tn.

1635 3387 1650 3420 ¹
1682 3388 1910 3438 Diversis
1942 3392 1991 3438 et
2018 3386 2242 3435 contectis
2271 3385 2514 3451 vehiculis]
2547 3386 2637 3437 Ne

1577 3470 1947 3526 agnosceretur
1967 3461 2054 3511 ubi
2078 3476 2171 3510 rex
2189 3468 2346 3524 esset,
2369 3462 2459 3512 ubi
2492 3477 2638 3527 uxor,

1573 3551 1639 3586 ne
1662 3539 1997 3587 adverterent
2026 3536 2302 3600 populares
2326 3552 2388 3587 ac
2411 3537 2639 3588 vindica*

1573 3621 1721 3665 rent:
1758 3628 1825 3662 ne
1869 3615 2018 3664 simul
2059 3613 2219 3676 positi
2268 3612 2322 3661 in
2367 3627 2638 3664 commune

1574 3690 1920 3751 consulerent,
1942 3693 2032 3737 aut
2052 3703 2154 3738 una
2174 3689 2386 3739 liberari
2410 3695 2640 3754 possent.

1636 3763 1884 3814 ‘Contectis
1903 3764 2150 3827 vehiculis]
2186 3765 2269 3814 Ne
2292 3766 2406 3829 quis
2428 3766 2638 3830 intueri,

1576 3849 1668 3891 aut
1709 3841 1902 3906 alloqui
1945 3845 2135 3906 posset,
2177 3847 2270 3891 aut
2312 3842 2495 3893 literas
2547 3847 2639 3895 aut

1577 3919 1723 3983 signa
1747 3919 1917 3984 aliqua
1953 3919 2252 3983 immittere,
2287 3919 2472 3985 quibus
2507 3921 2639 3986 eripi

1577 4001 1820 4060 possent3
1853 4011 1920 4045 ne
1974 3996 2237 4060 aspiceret
2295 3997 2537 4063 populna,
2584 4003 2640 4047 et

1576 4072 1697 4121 hinc
1719 4070 1910 4121 seditio
1941 4073 2185 4134 oriretur.

1645 4147 1730 4197 Sic
1778 4146 2013 4197 Tiberius
2056 4148 2322 4199 Neronem
2373 4147 2537 4201 filium
2558 4138 2640 4202 'et

1581 4221 1922 4290 Agrippinam
1936 4223 2236 4276 Germanioi
2257 4225 2429 4276 rhedis
2444 4227 2638 4292 opertis

1920 4441 1941 4468 Κ
