3100 4925
1214 423 1275 470 Ο.
1321 421 1687 470 consumi
1735 421 1992 473 'PAGI'I'I

492 398 667 476 1458

489 565 935 642 Britannicae,
985 569 1055 634 et
1098 564 1425 629 redituros
1470 565 1793 647 paulatim
1840 564 2057 632 visus?
2105 567 2519 650 ffcnsoeque?
2589 562 2701 634 'At

488 665 904 750 Agrippinae0
942 666 1003 729 is
1028 685 1262 750 pavor,
1293 687 1377 730 ea
1406 668 1852 731 consternatio
1879 667 2140 743 mentiS,
2172 670 2484 751 quamvis
2513 671 2698 735 vultu

488 772 910 853 premeretur,
942 767 1229 841 emicuit,
1265 771 1357 843 ut,
1403 768 1672 850 perinde
1700 769 1999 848 ignaram
2028 766 2240 831 fuisse
2288 789 2368 833 ac
2410 790 2700 835 sororem

492 867 859 935 Britannici
913 866 1321 943 Οοιεῑνίειιιι,8
1378 869 1781 933 constiterit:
1849 870 2101 951 quippe
2148 870 2277 933 sibi
2327 889 2700 953 supremum

489 968 812 1035 auxilium
873 974 1197 1051 ereptum,
1263 970 1330 1031 et
1394 967 1740 1050 parricidii
1809 955 2187 1052 exemplum
2252 971 2702 1053 intelligebat!

2326 427 2333 434 ’
2378 428 2473 492 [Α.
2494 428 2564 480 U.
2585 429 2697 480 809.

488 1153 778 1222 meatururn
804 1147 1070 1223 paulatim·
1078 1147 1240 1195 visum
1264 1148 1482 1211 aliosque
1501 1147 1940 1198 seusus.me
1964 1148 2246 1211 Agrippinae
2277 1150 2323 1197 is
2342 1154 2510 1211 metus,
2527 1164 2583 1197 ea
2603 1154 2701 1198 tre-

478 1213 671 1288 pidafio
690 1212 859 1271 animi,
881 1212 1093 1273 quamvis
1126 1212 1285 1264 fronte
1304 1216 1562 1272 tegeretur,
1580 1210 1788 1267 σκέπη
1818 1217 1872 1259 at
1904 1217 2188 1273 compertam
2217 1213 2303 1271 sit,
2336 1228 2468 1275 oeque
2503 1213 2700 1262 insciam

476 1276 637 1337 fuisse
657 1274 909 1335 facinoris,
942 1290 997 1322 ac
1021 1277 1267 1323 Octaviam
1285 1291 1489 1323 sororem
1509 1275 1805 1324 Britannici.
1871 1276 2002 1323 Nam
2035 1276 2108 1324 sic
2147 1277 2446 1337 cognoscebat
2480 1278 2701 1328 ultimum

484 1340 580 1391 sibi
595 1339 852 1393 subsidium
868 1340 1101 1387 ademtam
1122 1353 1248 1401 esse,
1270 1345 1319 1388 et
1340 1339 1458 1388 hinc
1478 1345 1707 1388 maternae
1725 1338 1869 1388 coedis
1887 1342 2212 1388 documentum
2228 1339 2560 1404 agnoscebat.
2607 1341 2701 1390 Oc-

1404 1482 1766 1503 OmOOOOOOOO

885 1563 1001 1612 Nec
1025 1561 1300 1612 immerito.
1365 1563 1585 1613 Brotier.
1587 1567 1684 1611 -7
1719 1562 1849 1611 Cod.
1883 1577 2063 1612 meus.
2095 1578 2253 1613 sensus
2277 1564 2529 1626 vimque:
2560 1563 2698 1613 unde

958 1641 1193 1689 nisusque.
1262 1627 1512 1690 Ryckius.
1515 1630 1614 1676 -—8
1663 1626 1888 1676 Omnino
1926 1627 2172 1704 displicet
2213 1629 2479 1677 Octaviam.
2542 1628 2702 1678 Certe

485 1564 820 1639 Britannicus.

489 1627 717 1678 amicus.
766 1642 927 1675 unm

487 1692 789 1750 omisissem,
822 1692 867 1739 si
904 1691 985 1739 vel
1025 1705 1156 1740 unus
1195 1691 1325 1739 liber
1365 1690 1599 1740 favisset.
1668 1691 1802 1741 Haec
1825 1692 2165 1753 omnimaju..
2171 1693 2532 1742 ‚Britanniam
2538 1691 2706 1743 ‚Octa-

483 1756 633 1818 viam,
653 1763 773 1803 sunt
791 1756 1113 1804 librariorum
1139 1755 1509 1807 additamenta.
1578 1755 1856 1804 Octaviam
1880 1756 2169 1804 redundare
2201 1764 2350 1818 patet
2382 1771 2449 1805 ex
2484 1771 2703 1820 sequens

483 1820 641 1877 tibus,
669 1820 869 1868 Octavia
891 1834 1083 1882 quoque.
1154 1819 1215 1868 In
1259 1820 1358 1868 Ms.
1384 1822 1514 1883 Reg.
1549 1827 1607 1868 et
1644 1820 1874 1869 editione
1910 1821 2161 1883 principe,
2198 1820 2472 1878 Britannici
2494 1835 2703 1872 sororem

487 1881 755 1945 Octaviam,
795 1884 982 1932 omissa
1016 1883 1274 1945 particula
1315 1898 1387 1954 ac.
1456 1885 1586 1933 Mss.
1629 1883 1776 1932 Harl.
1813 1883 1926 1934 Jes.
1963 1890 2102 1946 atque
2144 1884 2392 1936 Octaviam
2425 1898 2518 1933 sor.
2559 1884 2699 1934 Brit.

482 1948 589 1996 ΜΒ.
626 1948 781 1996 Bodl.
823 1954 880 1996 et
923 1948 1257 2009 Puteolanus,
1296 1963 1353 1996 ac
1371 1948 1663 1996 Octaviam.
1731 1948 1893 2010 Male,
1914 1962 2031 1996 cum
2069 1949 2125 1996 iu:
2163 1956 2369 1997 veteres
2404 1947 2705 2011 Scriptores

483 2017 608 2062 ante
628 2011 861 2060 vocalem
881 2024 984 2060 non
1008 2010 1291 2074 posuerint.
1357 2012 1576 2060 Brotier.
1643 2011 1939 2061 Gronovius
1973 2019 2029 2061 et
2069 2012 2302 2076 Ryckius
2333 2012 2529 2061 habent
2552 2013 2701 2061 Oeta-¹

1482 2153 1698 2205 NOTAE

480 2278 598 2329 quae
623 2280 780 2314 mensa
799 2281 1062 2330 pomorum,
1083 2281 1174 2317 seu
1194 2268 1405 2320 secundae
1425 2281 1557 2336 men·⁸

479 2356 547 2392 ιω
568 2342 987 2412 appellabantur.

545 2414 611 2465 In
634 2415 871 2466 convivio
909 2418 1029 2467 Diis
1063 2433 1269 2483 semper
1299 2420 1547 2475 libabant.

477 2491 563 2541 Sic
598 2492 799 2556 Regina
838 2494 977 2556 apud
1011 2495 1319 2559 Virgilium:
1354 2498 1370 2526 ‘
1397 2498 1549 2548 Dixit

479 2576 535 2617 et
559 2569 613 2616 in
636 2583 808 2618 mensa
830 2569 1043 2618 laticum
1065 2570 1246 2620 libavit
1267 2572 1545 2623 honorem?

443 2642 449 2649 ⁴
479 2645 600 2694 Mos
635 2653 780 2695 certe
802 2645 920 2708 fuit,
941 2652 1000 2695 ut
1034 2662 1100 2696 ex
1124 2656 1308 2711 patera
1329 2650 1436 2697 vini
1456 2650 1546 2698 ali-

476 2720 602 2784 quid
642 2719 992 2771 diffiinderent
1023 2722 1074 2771 in
1115 2736 1360 2785 mensam,
1386 2725 1469 2773 vel
1491 2724 1545 2774 in

477 2805 693 2858 terram,
709 2798 791 2846 vel
817 2798 867 2846 in
890 2788 1048 2859 mare,
1071 2798 1111 2846 si
1138 2814 1285 2847 casus
1311 2799 1479 2849 daret.

492 2874 495 2878 ’
542 2870 566 2905 ¹²
600 2873 699 2922 Per
719 2874 1001 2923 comitialem
1024 2868 1255 2937 v'rwrbum]
1306 2875 1371 2924 Id
1412 2891 1546 2925 sum·

475 2961 579 2997 ma*
601 2946 937 3011 impudentiae
977 2950 1030 2999 in
1070 2951 1297 3011 Nerone,
1330 2956 1384 3000 et
1408 2953 1545 3015 quod

475 3024 673 3073 crimen
713 3025 1064 3086 convinceret,
1103 3024 1156 3072 id
1195 3039 1373 3073 ausum
1413 3025 1547 3074 affir-

474 3112 619 3148 mare
642 3111 814 3146 coram
840 3105 920 3146 tot
956 3098 1221 3159 ministris,
1250 3106 1434 3164 totque
1458 3116 1545 3150 au-

472 3173 585 3225 licis
609 3174 875 3239 ntriusque
895 3188 1063 3237 sexm,
1085 3175 1172 3239 qni
1191 3191 1405 3239 puerum
1425 3191 1542 3242 cog·

472 3256 750 3299 noscerent
775 3264 805 3297 a
829 3250 1040 3312 teneris,
1076 3250 1204 3300 nulli
1233 3253 1411 3301 morbo
1447 3253 1540 3302 tali

475 3323 771 3373 obnoxium.

542 3397 639 3447 Per
660 3399 943 3448 comitialem
961 3400 1193 3463 morbum]
1232 3402 1314 3451 De
1340 3417 1442 3466 quo
1465 3403 1539 3451 sic

473 3474 635 3524 Corn.
673 3476 851 3525 Celsus
889 3488 976 3525 ιιι.
1001 3481 1081 3526 24.
1114 3478 1130 3506 ⁴
1157 3478 1306 3527 Inter
1339 3478 1542 3527 notissi-

472 3563 583 3599 mos
600 3550 822 3613 morboS,
840 3558 922 3600 est
943 3552 1098 3601 etiam
1121 3554 1181 3617 is,
1197 3555 1284 3618 qui
1308 3550 1543 3602 comitiass

466 3625 552 3687 lia,
575 3627 659 3674 vel
682 3627 847 3690 major
868 3624 1196 3677 nominatur:
1233 3630 1382 3679 homo
1407 3630 1541 3679 subi·

468 3708 524 3748 to
544 3701 791 3763 concidit,
812 3718 878 3750 ex
900 3717 990 3751 ore
1012 3720 1203 3767 spumae
1229 3714 1533 3756 moventur.

469 3774 661 3824 deinde
698 3776 1006 3839 interposito
1034 3786 1267 3843 tempore
1292 3784 1354 3830 ad
1380 3798 1436 3831 se
1459 3797 1537 3831 re-

469 3842 566 3914 dit,
588 3858 645 3900 et
666 3866 762 3915 per
783 3867 838 3901 se
861 3854 1029 3915 ipsum
1059 3858 1347 3920 consurgit.
1412 3859 1538 3908 Son·

470 3926 631 3976 ticum
656 3926 890 3976 morbum
918 3927 1136 3980 dicunt?

530 4002 617 4052 Sic
640 4002 811 4051 dictus
839 4005 1107 4066 comitialis,
1132 4007 1270 4070 quod
1294 4004 1412 4057 olim
1449 4023 1535 4059 co·

465 4079 616 4132 mitia
651 4079 976 4129 dissolveret.
1045 4081 1184 4130 Huic
1224 4085 1401 4132 morbo
1446 4086 1536 4133 ob·

467 4154 612 4204 noxii
630 4152 777 4203 fuere
800 4156 973 4217 magni
996 4155 1092 4207 viri
1124 4157 1397 4220 Hercules,
1420 4159 1534 4210 Cae-

468 4245 572 4295 sat,
611 4231 951 4298 Mahometes,
987 4240 1046 4284 et
1083 4233 1404 4301 alii'ingenio
1425 4236 1532 4286 aui-

1635 2279 1822 2329 moque
1847 2265 2138 2328 praevalidi.

1695 2347 1718 2373 ‘²
1749 2341 1820 2390 At
1834 2340 2141 2405 Agrippinoe]
2172 2340 2302 2391 Sunt
2319 2340 2407 2406 qui
2423 2342 2507 2393 hic
2524 2357 2696 2407 repre-

1627 2416 1860 2467 hendant
1880 2417 2136 2480 Tacitum,
2159 2417 2306 2482 qnasi
2342 2417 2520 2471 statim
2551 2433 2697 2471 aver-

1630 2499 1710 2543 tat
1764 2495 1961 2554 oculos,
2017 2501 2344 2558 mentemque
2401 2494 2610 2544 lectoris
2664 2511 2697 2544 a

1628 2568 1842 2621 crimine
1887 2568 2133 2634 Neronis,
2180 2576 2240 2619 ut
2295 2571 2453 2631 nobis·
2483 2572 2698 2621 circum-

1626 2647 1877 2695 stantium
1900 2646 2160 2694 hominum
2196 2647 2368 2696 vultus
2406 2645 2698 2711 faciemque

1627 2726 1718 2772 aut
1760 2728 1986 2770 mentem
2032 2721 2339 2772 adumbret:
2387 2737 2575 2786 nempe
2614 2738 2694 2771 ar·

1580 2824 1587 2833 ·
1628 2797 1821 2862 guitur,
1842 2798 1986 2862 quasi
2020 2813 2124 2847 non
2165 2795 2289 2847 satis
2320 2797 2565 2848 defixerit
2587 2798 2697 2847 ani-

1622 2888 1764 2934 mum
1796 2880 2031 2923 nostrum
2070 2875 2123 2923 in
2159 2874 2465 2923 aestimanda
2498 2874 2694 2938 ponde·

1625 2947 1891 3012 randaque
1950 2950 2228 3000 atrocitate
2283 2949 2545 3012 facinoriS,
2600 2949 2695 2999 sed

1627 3024 1805 3074 statim
1823 3024 1924 3073 alio
1942 3033 2232 3089 convertat,
2247 3022 2571 3091 abduc‘atque
2588 3025 2695 3075 ani-

1624 3114 1765 3149 mum
1787 3100 2091 3164 legentium.

1687 3174 1712 3208 ‘²
1770 3176 2036 3233 Parricidii
2075 3178 2336 3240 exemplum
2375 3174 2695 3243 intelligebat]

1623 3236 1707 3299 An
1727 3252 1937 3301 easdem
1960 3259 2096 3301 artes
2122 3268 2152 3301 a
2178 3254 2389 3302 Nerone
2425 3253 2648 3302 relatas
2636 3268 2691 3303 m

1620 3328 1927 3377 Britannico
1951 3330 2204 3392 necando,
2227 3345 2354 3394 quas
2394 3330 2616 3394 ipsamet
2636 3328 2692 3380 in

1622 3402 1839 3453 Claudio
1865 3403 2208 3455 adhibuerat?
2248 3406 2433 3455 Potius
2458 3406 2695 3456 credide-

1621 3479 1716 3528 rim
1740 3481 1966 3531 timuisse
1989 3482 2353 3546 Agrippinam,
2374 3499 2458 3546 ne,
2484 3490 2545 3534 ut
2578 3483 2694 3549 Brit

1621 3557 1883 3606 taunicum
1913 3558 2058 3606 Nero
2081 3559 2374 3623 sustulerat,
2395 3559 2581 3609 eodem
2602 3574 2692 3609 ex·

1621 3636 1793 3697 emplo
1816 3642 2035 3685 matrem
2060 3638 2289 3689 tolleret.
2358 3639 2584 3689 Picheua.

1685 3709 1840 3758 Prius
1862 3725 1928 3759 ne
1951 3712 2284 3774 cogitandum
2308 3715 2540 3779 quidem,
2550 3716 2688 3771 ,adeo

1618 3783 1864 3848 frigidum
1896 3792 1994 3836 est.
2061 3788 2239 3850 Scylla
2269 3789 2463 3840 Ovidio
2501 3792 2537 3841 Ι.
2559 3804 2686 3842 vm.

1616 3859 1632 3886 ‘
1659 3860 1812 3909 Cives
1837 3862 1995 3910 odere
2015 3871 2333 3924 merentem3
2368 3863 2575 3913 finitimi
2598 3880 2690 3915 ex-

1617 3935 1842 3998 emplum
1899 3938 2174 3986 metuunt.'
2251 3939 2452 3988 Seneca
2493 3939 2684 3988 Troad.

1615 4014 1632 4041 ⁸
1649 4010 1846 4077 Suique
1864 4014 2031 4063 victor
2055 4015 2227 4078 operis
2251 4017 2543 4079 exemplum
2567 4017 2685 4081 hor·¹

1615 4089 1752 4149 ruit3
1787 4090 2095 4155 Didicitque
2117 4091 2352 4142 Achilles
2375 4098 2431 4142 et
2458 4093 2574 4142 Dea
2594 4107 2684 4142 na·

1615 4171 1697 4215 tos
1717 4165 1883 4215 inori.'
1950 4167 2235 4218 Gronovius.

1679 4240 1946 4297 Parricidii
1978 4243 2268 4308 exemplum]
2318 4244 2384 4294 In
2422 4258 2480 4295 se
2514 4245 2681 4312 ipsam
2714 4301 2723 4305 ,
