3100 4925
383 439 534 493 ‘ihc-³
551 433 684 504 ‘565ss

1090 433 1528 486 ANNALIUsr
1551 436 1698 485 mis.
1745 435 1923 485 xil-1.

2425 419 2605 496 14&
2642 443 2647 448 ·

361 585 384 634 Τ
392 578 709 646 mitialem
756 575 1103 674 morbum?
1157 596 1293 662 quo
1342 576 1659 661 primum⁶
1713 578 1803 641 ab
1847 577 2124 643 infantia
2154 575 2601 646 afflictaretur
2686 671 2691 674 .

577 717 583 724 .
1101 727 1105 734 ,
2515 711 2521 716 ”
2554 717 2569 738 ὰ

392 754 629 805 morbum
653 754 982 826 comitialem,
1002 769 1104 819 quo
1142 753 1323 819 primis
1357 754 1424 806 ab
1458 756 1605 806 annis
1644 755 2030 808 conflictui-etur
2057 757 2412 824 Britannique,
2446 764 2604 810 etre-

1318 883 1376 903 OO
1381 883 1465 903 060
1470 884 1525 904 CO
1529 884 1676 905 “O'‘

462 986 496 1031 6
548 953 735 1031 Mallet
788 969 1169 1034 Freinshemius
1227 982 1499 1045 plurimum.
1583 982 1691 1032 Alii
1734 987 1939 1033 tentant
1989 983 2167 1046 prima.
2247 983 2395 1034 Nihil
2437 990 2609 1035 muta-

400 1045 576 1096 verim.
656 1045 745 1094 Sic
784 1044 948 1095 ferme
992 1045 1159 1095 adbuc
1207 1046 1347 1111 Itali,
1382 1045 1503 1112 infin
1538 1048 1602 1097 du
1626 1047 1876 1108 fanciullo.
1957 1047 2212 1111 Suspecta
2247 1050 2459 1098 Mureto
2502 1063 2604 1099 vox

1389 1215 1602 1267 NOTAE

397 1339 488 1394 De
524 1343 747 1394 lautiore
784 1341 1086 1395 Juvenalis:
1118 1339 1136 1373 ⁴
1162 1349 1348 1409 putere
1386 1344 1461 1394 vi-

402 1418 595 1469 dentur
627 1420 908 1483 Unguenta
944 1427 1102 1484 atque
1142 1436 1289 1481 rosae,
1326 1422 1461 1470 latos

1610 1343 1817 1394 Primus
1839 1343 2187 1395 decumbebat
2202 1345 2269 1393 ad
2288 1350 2448 1409 caput
2463 1345 2611 1408 lecti,

1545 1420 1691 1484 cujus
1713 1421 1874 1484 pedes
1897 1420 2292 1484 porrigebantur
2319 1434 2457 1484 pone
2486 1421 2610 1471 dor-

400 1494 500 1543 nisi
539 1496 761 1545 sustinet
794 1495 947 1545 orbes
979 1497 1192 1547 Grande
1231 1497 1378 1561 ebur,
1408 1502 1465 1546 et
1543 1509 1654 1544 sum
1677 1495 1925 1556 secundi3
1961 1497 2218 1546 secundus
2252 1510 2376 1546 vero
2397 1497 2614 1561 occiput

403 1581 588 1633 magno
612 1570 844 1619 sublimis
869 1573 1068 1634 pondus
1086 1573 1263 1623 hiatu!

468 1646 622 1695 Circa
659 1659 883 1695 mensam
922 1649 1027 1696 tres
1067 1649 1193 1698 lecti
1228 1648 1466 1711 dispositi

403 1727 572 1784 erant,
595 1720 733 1769 unde
764 1721 967 1770 triclinii
1000 1737 1206 1784 nomen,
1237 1725 1320 1773 ‘vel
1344 1723 1465 1772 duo.

403 1799 674 1849 Posterior
710 1805 839 1849 aetas
871 1802 1078 1852 vocavit
1097 1802 1266 1864 sigma.
1330 1802 1471 1850 Mar·

403 1875 576 1924 tialis:
611 1874 629 1901 ⁶
651 1873 847 1938 Aspice
886 1876 1068 1925 lunata
1100 1876 1351 1940 scriptum
1374 1883 1471 1925 tes-

408 1950 587 2000 tudine
610 1950 811 2016 sigma!
878 1954 1138 2017 Lamprid.
1170 1953 1186 1981 ⁴
1210 1955 1296 2003 De
1318 1967 1471 2006 croco

409 2024 575 2088 sigma
594 2025 818 2087 stravit,'
838 2029 937 2076 ὅτε.

474 2102 548 2150 Ηί
567 2102 688 2151 lecti
713 2103 865 2152 strati
884 2103 1059 2152 aulaeis
1072 2104 1363 2168 purpureis,
1384 2110 1474 2153 aut

411 2175 513 2223 alia
533 2182 679 2226 veste
700 2179 952 2243 stragula,
973 2193 1069 2242 pro
1105 2179 1268 2242 copiis
1289 2185 1346 2230 et
1366 2179 1475 2243 opi·

412 2249 508 2298 bus
530 2250 938 2313 patrisfamilias.

478 2326 626 2375 Hora
664 2342 825 2377 coenae
860 2343 984 2377 nonu
1018 2327 1142 2391 fuit,
1174 2345 1293 2393 quae
1325 2330 1475 2380 nobis

407 2402 560 2452 tertia
582 2407 701 2466 post
722 2402 1034 2461 meridiem.2
1074 2405 1305 2455 Martial.
1335 2406 1352 2434 ⁴
1378 2405 1479 2454 Im·

414 2484 570 2542 perat
611 2483 898 2528 exstructos
938 2478 1183 2544 frangere
1226 2494 1363 2530 nona
1399 2488 1478 2531 to·

413 2552 540 2603 ros?

477 2629 613 2678 Tuum
654 2635 827 2680 vestes
866 2630 943 2679 illi
985 2631 1273 2696 mutabant,
1305 2631 1481 2682 indue-

415 2703 639 2769 bantque
662 2706 935 2768 eoeuutoriu,
956 2706 1007 2755 in
1030 2707 1165 2756 bunc
1197 2723 1344 2757 usum
1366 2708 1479 2758 des-

415 2781 603 2842 tinata,
625 2782 791 2831 soleas
814 2782 1092 2845 exuebant,
1116 2797 1182 2832 ne
1221 2784 1383 2834 lectos
1403 2785 1478 2834 iu-

395 2857 712 2920 ·quinarent,
731 2857 916 2922 quibus
942 2858 1179 2920 jacentes
1213 2860 1480 2911 accumbe·

417 2930 578 2995 bantf
601 2939 975 2994 surgentesque
1013 2949 1044 2981 a
1077 2948 1244 2998 coena,
1279 2951 1364 2987 eas
1403 2950 1480 2985 re-

417 3007 739 3072 poscebant:
776 3008 913 3071 quod
935 3014 991 3057 et
1019 3010 1171 3060 hodie
1195 3012 1334 3075 apud
1360 3014 1482 3063 Per-

357 3108 360 3109 ⁷
422 3097 505 3134 sas
534 3084 585 3132 in
608 3098 753 3133 more
775 3090 873 3146 est,
893 3085 979 3148 qui
1002 3091 1057 3134 et
1087 3086 1271 3137 sedent
1292 3089 1481 3152 tapeti

419 3159 538 3221 bus,
557 3159 650 3208 sed
675 3158 774 3207 alio
796 3159 949 3208 modo
970 3164 1026 3209 et
1045 3160 1172 3212 situ.
1261 3170 1270 3174 ·

484 3233 667 3295 Ter-ni,
688 3238 779 3283 aut
813 3233 1052 3297 quaterni
1085 3234 1320 3299 quolibet
1344 3239 1484 3289 lecto

413 3310 834 3372 ·aceumbebant;
869 3311 913 3360 si
940 3312 1132 3375 plures,
1149 3314 1202 3362 id
1222 3315 1488 3364 sordidum

423 3388 786 3452 reputabatur.
873 3388 1061 3437 Cicero
1105 3389 1159 3437 in
1213 3390 1487 3440 Pisonem:

345 3484 352 3489 -
421 3462 442 3492 ‘
465 3464 606 3513 Nihil
652 3464 788 3528 apud
832 3463 968 3513 hunc
1015 3466 1227 3530 lautum,
1263 3467 1492 3531 elegans,

425 3543 527 3591 dcc.
552 3542 728 3591 Groeci
750 3541 896 3606 quini
918 3543 1099 3606 stipati
1122 3543 1173 3593 in
1204 3543 1374 3607 lectis,
1395 3560 1490 3594 sae-

426 3631 493 3682 pe
515 3618 688 3681 plures
705 3617 739 3665 ε’
772 3617 950 3682 sicque
965 3633 1063 3667 non
1087 3621 1259 3682 plures
1278 3620 1343 3669 ad
1360 3635 1488 3670 sum-

425 3708 566 3745 mum
598 3694 651 3742 in
687 3696 915 3758 qualibet
934 3711 1128 3759 mensa,
1150 3712 1240 3746 seu
1263 3698 1488 3747 triclinio

381 3796 386 3800 ·
431 3785 580 3836 quam
603 3770 893 3825 duodecim.

397 3862 398 3865 ¹
439 3852 448 3861 “
494 3844 890 3896 Accumbebant
915 3854 1088 3898 autem
1112 3849 1164 3897 in
1189 3855 1321 3912 toro,
1344 3849 1500 3900 reoli«

339 3948 343 3952 Δ
421 3928 558 3977 muta
594 3936 779 3985 supera
816 3931 964 3986 parte
1000 3924 1250 3988 corporis,
1287 3925 1494 3974 sinistro

434 3997 615 4048 cubito
636 3997 818 4060 innixi,
840 4005 893 4047 et
926 3998 1094 4048 infera
1132 4008 1281 4064 parte
1309 4000 1361 4048 in
1385 4001 1495 4051 lon-

438 4086 561 4136 gum
584 4079 832 4137 porrecta
855 4089 914 4123 ac
930 4074 1160 4138 jacente,
1179 4077 1354 4139 capite
1376 4076 1502 4129 levi·

410 4155 523 4199 ‘ter
558 4155 756 4211 erecto,
792 4147 948 4199 dorso
984 4167 1015 4199 a
1045 4151 1269 4211 pulvillis
1303 4146 1503 4202 modice

351 4234 355 4239 ’
440 4223 671 4275 suffulto.
739 4226 890 4275 Unde
913 4226 1191 4292 intelliges,
1211 4243 1306 4281 cur
1327 4228 1400 4282 ibi
1430 4244 1504 4278 re-

431 4300 804 4353 Mdicstur
827 4303 986 4352 Nero.

571 4381 745 4448 Delph.
766 4386 815 4432 et
843 4381 958 4434 Var.
985 4381 1116 4433 Clas.

1475 4384 1632 4435 Tacit.

1546 1572 1858 1621 obvertebat
1881 1570 1947 1620 ad
1981 1570 2281 1621 umbilicum
2313 1571 2485 1635 primi,
2502 1572 2621 1635 pul-

1548 1646 1672 1694 villo
1690 1645 2004 1709 interjecto;
2035 1644 2199 1709 pedes
2220 1645 2336 1708 ejus
2358 1646 2625 1708 jacebant,

1517 1748 1522 1752 -
1551 1720 1617 1770 ad
1642 1726 1841 1784 tergum
1864 1720 2027 1784 tertii,
2046 1726 2103 1769 et
2133 1715 2209 1771 s‘ic
2233 1721 2483 1786 deinceps
2507 1728 2613 1773 ter·

1549 1798 1654 1847 tius
1678 1804 1734 1848 et
1754 1803 1987 1861 quartus,
2005 1797 2048 1846 si
2073 1802 2153 1846 tot
2173 1803 2364 1847 essent.

1617 1873 1839 1922 &mmm
1880 1872 2170 1937 dicebatur,
2207 1873 2298 1936 qui
2339 1872 2405 1922 ad
2450 1876 2616 1936 caput

1550 1948 1678 1998 lecti
1699 1947 2069 2011 decumbebat,
2088 1949 2213 1997 imas
2235 1948 2323 2012 qui
2345 1948 2413 1997 ad
2437 1947 2619 2011 pedes,

1552 2029 1611 2072 et
1646 2024 1734 2089 qui
1767 2023 1904 2074 inter
1930 2025 2077 2088 istos,
2096 2024 2290 2074 medius.
2356 2024 2578 2074 Plautus
2597 2039 2619 2072 ι

1555 2099 1570 2127 ‘
1595 2102 1682 2149 Da
1704 2114 1835 2163 puer
1858 2100 1923 2149 ab
1946 2100 2172 2150 summo!
2236 2101 2307 2149 Et
2330 2099 2579 2150 Horatius
2598 2116 2615 2149 ι

1554 2175 1570 2203 ⁴
1591 2175 1793 2224 Secutis
1814 2175 2051 2225 omnibus
2071 2176 2220 2226 imis.’
2282 2176 2479 2229 Medius
2506 2175 2620 2239 dig-

1522 2249 1754 2301 *niorem
1796 2251 1965 2301 locum
2007 2251 2254 2301 obtinuit.
2333 2250 2616 2315 Virgilius:

1556 2328 1573 2356 ‘
1595 2327 1770 2377 aulaeis
1780 2327 1891 2390 jam
1907 2341 1962 2375 se
1983 2327 2166 2390 regina
2186 2325 2420 2390 superbis
2443 2325 2622 2394 Aurea

1557 2403 1844 2468 composuit
1876 2402 2094 2468 sponda,
2126 2402 2446 2467 mediamque
2484 2402 2626 2452 loca-

1558 2479 1671 2529 vit!

1622 2554 1897 2605 Sallustius
1918 2556 1955 2606 l.
1978 2554 2097 2607 vlu.
2118 2555 2257 2606 Hist.
2275 2547 2305 2584 '‘
2329 2554 2499 2620 Igitur
2519 2555 2631 2610 dis-

1561 2632 1786 2682 cubuere
1807 2632 2064 2682 Sertorius
2094 2632 2312 2682 interior
2348 2633 2403 2680 in
2438 2631 2627 2694 medio,

1561 2720 1720 2772 super
1741 2722 1856 2757 eum
1877 2708 2078 2757 Tuscus
2104 2707 2291 2757 Fabius
2317 2706 2629 2770 Hispanien-

1562 2784 1630 2832 sis
1651 2788 1859 2832 seuator
1895 2797 1960 2831 ex
1995 2782 2320 2846 proscriptis,
2353 2782 2406 2830 in
2428 2796 2627 2831 summo

1561 2858 1855 2908 Antonius.'
1907 2859 1993 2908 Ibi
2014 2859 2293 2920 Sertorius,
2313 2862 2498 2921 utpote
2520 2856 2629 2919 dig·

1561 2935 1696 2999 nior,
1716 2935 1889 2987 medio
1911 2936 2027 2984 loco
2048 2935 2310 2985 accubuit.

1627 3010 1816 3074 Itaque
1839 3011 1880 3060 si
1905 3018 2010 3060 tres
2042 3011 2271 3060 convivae
2304 3010 2356 3059 in
2387 3024 2490 3061 uuo
2526 3011 2631 3062 lec-

1563 3092 1639 3150 to,
1659 3086 1837 3135 medius
1869 3087 2195 3150 dignissimus
2229 3084 2349 3148 fuit,
2381 3092 2436 3134 et
2457 3086 2635 3149 proxi·-

1565 3178 1675 3212 mus
1696 3162 1889 3212 honore
1909 3177 2115 3210 summus
2138 3162 2225 3225 qui
2251 3161 2315 3210 ad
2348 3169 2509 3226 caput
2529 3162 2634 3213 lec·

1567 3240 1639 3288 ti·
1679 3239 1723 3287 si
1747 3244 1987 3303 quatuor,
2018 3238 2263 3300 proximus
2295 3253 2325 3285 a
2345 3252 2557 3299 summm·
2591 3237 2636 3286 si

1569 3314 1706 3363 duo
1693 3328 1744 3362 in
1768 3314 1923 3373 lecto,
1944 3328 2151 3361 summus
2171 3313 2518 3375 dignissimus.

1637 3390 1851 3438 Coenam
1889 3389 2251 3451 partiebantur
2290 3389 2343 3438 in
2376 3397 2487 3438 tres
2518 3389 2637 3440 mis·

1570 3478 1672 3514 sus.
1737 3463 1940 3512 Primus
1964 3463 2167 3526 missus,
2186 3469 2438 3527 antecoena,
2460 3473 2636 3528 gusta-

1572 3539 1647 3588 tio
1685 3538 1792 3587 sive
1835 3544 2012 3601 gustus
2051 3539 2324 3589 dicebatur
2345 3556 2362 3600 3
2408 3546 2465 3589 et
2525 3542 2635 3605 ple·

1578 3631 1795 3680 rumque
1816 3615 2143 3679 incipiebant
2176 3618 2235 3667 ab
2259 3617 2388 3666 ovis.-
2449 3617 2638 3669 Cicero

1577 3692 1749 3754 Epist.
1771 3693 1835 3741 ad
1856 3694 2088 3742 Paetum:
2122 3694 2137 3721 ‘
2162 3693 2427 3758 Integram
2445 3693 2640 3745 famem

1572 3769 1638 3818 ad
1663 3783 1813 3818 ovum
1841 3767 2001 3818 affero
2021 3768 2053 3829 ;'
2084 3770 2168 3819 vel
2192 3785 2224 3819 a
2242 3770 2453 3820 lactucis.

1638 3847 1903 3896 Secundus
1923 3847 2129 3917 missus,
2142 3848 2352 3912 proprie
2368 3864 2498 3898 coena
2517 3846 2640 3900 fuit.

1576 3923 1902 3986 Praecipuum
1939 3923 2067 3972 illud
2102 3923 2375 3987 ferculum,
2405 3933 2462 3977 et
2502 3924 2644 3990 quod
2728 3985 2733 3989 q

1580 4004 1758 4064 eaput,
1779 4014 1872 4049 seu
1905 4015 2292 4051 summacoenae
2315 4001 2432 4050 fuit.
2499 4002 2645 4051 Mar-

1581 4075 1752 4124 tialis:
1795 4075 2015 4126 ‘mullus
2059 4077 2153 4126 tibi
2200 4083 2421 4140 quatuor
2473 4082 2643 4127 emtus

1539 4151 1870 4220 ,Lim-arum,
1921 4167 2083 4202 coenae
2138 4167 2329 4216 pompa
2381 4158 2644 4217 caputque

1580 4224 1859 4376 fug'tl'jertius
1878 4305 2063 4358 missus
2080 4305 2203 4371 fuit,
2216 4305 2270 4356 in
2288 4320 2390 4372 quo
2412 4304 2647 4437 btsslaria,

2396 4388 2429 4436 4
