3100 4925
382 377 657 502 aarum
691 433 712 474 s>
735 431 762 467 ³--
1078 415 1504 484 Aummtm·
1537 427 1687 484 ms.
1720 429 1896 484 xm.
2409 405 2591 488 1481
2618 391 2625 422 ⁵

380 585 738 645 mr.
773 589 782 593 ’
821 579 996 659 Nec,
1045 580 1112 645 si·
1158 580 1406 646 Iturius
1452 587 1521 646 et
1571 579 1964 666 Calvisius?¹
2007 578 2230 646 adesis
2276 579 2585 648 omnibus

381 680 686 763 fortunia,
740 684 1175 749 novissimam
1241 683 1694 767 suscipiendae
1771 682 2233 749 accusationis
2286 683 2583 767 operam‘

380 787 539 849 anui
563 785 954 872 rependunt,
981 786 1134 852 ideo
1179 791 1295 851 aut
1336 786 1498 850 mihi
1540 784 1837 849 infamia⁸
1878 784 2242 876 parricidii,
2283 790 2400 850 aut
2427 781 2582 851 Gaess

380 887 522 952 saxi
561 889 968 954 conscientia
1013 886 1357 953 subeunda
1401 886 1542 974 est}
1628 885 1810 952 Nam'
1855 886 2176 952 Domitiae
2221 887 2584 955 inimicitiis
2642 975 2645 984 Ι

379 1047 775 1141 ῥοήῃάεΐαώῑο
791 1075 925 1132 filios
939 1082 1145 1140 mutuat,
1164 1092 1227 1129 ac
1244 1077 1440 1128 lasciva
1460 1076 1648 1126 mulier
1669 1081 1838 1127 mutat
1856 1059 2139 1127 aduiteros.
2204 1075 2276 1124 Et
2304 1073 2346 1124 si
2368 1062 2582 1141 Iturius,

378 1147 435 1191 et
456 1139 724 1207 Calvisius,
741 1143 1040 1209 dilapidatis
1054 1143 1199 1194 bonis
1213 1142 1467 1206 omnibus,
1479 1143 1713 1193 ultimam
1728 1142 1849 1192 hunc
1866 1142 2055 1196 vetuloe
2074 1139 2349 1190 redhibent
2371 1153 2583 1204 operam

380 1209 713 1270 capessendae
753 1209 1111 1273 accusationis,
1142 1223 1245 1258 non
1285 1214 1565 1272 propterea
1590 1207 1712 1256 mibi
1750 1205 2031 1270 ignominia
2052 1201 2335 1270 parricidii,
2358 1209 2447 1253 aut
2466 1204 2580 1256 Cae·

380 1271 484 1322 sati
505 1273 729 1337 suspicio
753 1272 1065 1339 perferenda
1086 1281 1183 1324 est.
1250 1272 1460 1338 Quippe
1499 1272 1754 1322 Domitius
1777 1271 1906 1321 odiis
1927 1269 2120 1335 gratias
2141 1268 2413 1334 referrem,
2435 1269 2480 1320 si
2497 1280 2583 1321 ca·

1368 1434 1593 1487 NOTAE

443 1575 469 1612 ‘¹
503 1569 624 1633 Nec,
643 1570 690 1620 si
717 1569 901 1622 Iturius
919 1576 968 1621 et
993 1570 1247 1635 Calvisius]
1277 1568 1438 1621 Vide-

376 1648 460 1694 tur
481 1659 686 1697 mosiis:
730 1647 926 1698 Iturius
947 1654 1004 1699 et
1026 1648 1297 1710 Calvisius,
1313 1648 1437 1699 dum

364 1717 559 1772 ‘contra
593 1738 675 1773 me
713 1725 1098 1776 accusationem
1131 1724 1436 1790 suscipiunt,

375 1798 699 1849 novissimam
737 1800 946 1866 quidem
986 1816 1200 1867 operam
1248 1801 1435 1852 Silanae

376 1875 687 1938 rependunt.
753 1877 861 1927 Sed
896 1884 957 1928 ut
993 1893 1170 1928 eorum
1211 1877 1439 1928 ministe-

376 1948 508 2000 rium
563 1953 851 2003 necessario
904 1954 1267 2018 adimpleatur,
1332 1969 1435 2004 non

373 2022 494 2075 ideo
529 2029 846 2094 consequens
882 2043 993 2080 esse
1027 2028 1205 2094 debet,
1242 2036 1300 2079 ut
1334 2045 1440 2094 ego

372 2098 631 2151 infamiam
677 2103 937 2168 parricidii
974 2104 1027 2154 in
1070 2104 1282 2155 Nerone
1327 2104 1434 2156 filio

376 2176 604 2241 subeam,
626 2184 716 2229 aut
750 2180 864 2243 ipse
901 2179 1038 2231 iilius
1061 2181 1433 2233 conscientiam

372 2259 620 2303 maternae
641 2256 801 2305 necis.
865 2257 1095 2309 Pie-heau.

439 2335 461 2362 ⁸
492 2331 811 2381 Nouissimam
842 2333 1152 2396 suscipienda?
1179 2336 1433 2385 accusatio-

370 2405 449 2455 nis
468 2406 678 2471 mom]
741 2407 934 2458 Posset
968 2408 1132 2459 videri
1168 2410 1431 2463 sublatere

374 2482 547 2549 aliqua
567 2483 871 2535 obscoenitas
899 2485 953 2533 in
972 2484 1052 2534 his
1074 2487 1261 2548 verbis,
1281 2488 1431 2537 novis·

363 2558 550 2608 sinsus·
582 2575 790 2624 operam,
837 2564 919 2625 ξε.
970 2561 1084 2611 anai
1134 2564 1430 2626 rependunt.-

372 2636 518 2699 quasi
544 2636 667 2685 olim
704 2638 986 2687 consumtis
1006 2637 1193 2701 opibus
1213 2640 1430 2689 viribus-

372 2725 471 2776 que
491 2727 608 2762 cum
633 2729 751 2777 anu,
783 2715 893 2779 jam
916 2729 1019 2764 non
1058 2716 1253 2779 possint
1276 2717 1430 2767 aliter

370 2788 586 2852 explere
617 2790 731 2854 ejus
768 2790 1058 2855 libidinem,
1082 2806 1235 2857 quam
1273 2794 1429 2843 susci·

367 2863 556 2929 piendo
576 2868 952 2917 accusationes.

429 2940 621 2992 Sensus
656 2949 754 3003 est,
791 2943 1007 2993 Iturium
1043 2949 1099 2993 et
1128 2943 1427 3013 Calvisium,

367 3023 640 3082 postquam
682 3033 858 3069 omnes
893 3019 1125 3070 fortunas
1157 3030 1213 3070 et
1237 3022 1426 3085 juven·

366 3102 475 3146 tam
493 3095 795 3159 exhausere,
810 3096 921 3160 jam
943 3111 1048 3146 non
1071 3098 1211 3147 alind
1232 3098 1425 3149 habere

369 3169 506 3236 quod
543 3171 847 3236 impendant
885 3172 1023 3235 anni,
1058 3173 1159 3222 nisi
1179 3189 1313 3224 nova
1333 3174 1423 3226 fla-

363 3246 525 3310 ‘gitiasz
553 3260 743 3313 nempe
776 3249 1105 3312 suscipiendo
1136 3248 1317 3302 falsam
1340 3267 1422 3302 ac-

367 3324 704 3374 cusationem.

360 3409 370 3417 ·
429 3405 449 3432 ·
480 3400 718 3450 Aetam
738 3401 966 3465 infamia]
1010 3402 1220 3462 Infamia
1240 3403 1361 3465 fuit,
1381 3406 1425 3455 si

364 3475 449 3525 vel
480 3477 704 3541 agitasse
746 3480 916 3530 animo
943 3479 1113 3530 scelus
1133 3488 1424 3547 putaretur,

364 3553 409 3603 si
450 3554 533 3604 vel
570 3562 978 3619 suspectu-etur,
1011 3558 1244 3623 quamvis
1278 3559 1422 3610 inno-

364 3645 525 3693 cens3
575 3639 633 3682 et
656 3634 939 3684 concientia
957 3634 1058 3685 fuit
1079 3636 1135 3685 in
1162 3638 1422 3701 principe,

361 3709 406 3759 si
448 3713 681 3759 metuere
725 3710 832 3760 tale
875 3711 1000 3776 quid
1044 3725 1075 3759 a
1112 3718 1297 3774 matre,
1337 3714 1420 3762 vel

363 3782 524 3834 etiam
561 3793 864 3849 suspectare
898 3786 1037 3836 intra
1074 3787 1296 3837 animum
1334 3803 1422 3852 po-

364 3861 484 3914 tuit.

426 3938 499 3990 Et
513 3939 749 4003 quamvis
786 3941 926 3989 clare
964 3945 1143 4003 pateat
1179 3940 1421 3990 innocen-

358 4012 455 4079 tia,
491 4023 666 4065 manet
692 4022 870 4065 tamen
907 4022 1097 4079 metus,
1126 4023 1301 4066 manet
1319 4017 1419 4066 hoc

358 4097 625 4155 repostum
643 4090 702 4143 in
724 4097 919 4154 mente,
952 4099 1130 4142 manet
1157 4093 1421 4143 conscien-

358 4168 454 4230 tia,
520 4168 809 4232 suspectari
869 4168 1098 4232 potuisse
1163 4177 1415 4220 matrem:

358 4248 507 4295 certe
547 4242 723 4294 deleta
759 4244 1025 4311 dilutaque
1065 4246 1241 4311 culpa,
1260 4252 1419 4297 mmet

358 4326 534 4373 tamen
552 4319 719 4372 litera.

1581 1564 1828 1617 Advertit
1866 1565 2063 1616 animus
2102 1563 2434 1627 dominantis,
2462 1578 2583 1617 cou-

1516 1642 1626 1707 cipi
1642 1642 1698 1692 id
1716 1642 1933 1702 facinus,
1964 1645 2020 1692 et
2049 1643 2233 1691 saltem
2251 1639 2466 1703 cogitari
2487 1656 2579 1710 po·

1514 1720 1696 1785 tuisse,
1730 1728 1820 1769 aut
1852 1719 2010 1769 etiam
2042 1725 2366 1783 suspectasse
2397 1718 2599 1786 piget3v

1515 1797 1616 1846 hoc
1657 1797 1842 1845 saltem
1896 1796 2146 1846 evincunt
2183 1793 2379 1844 inimici
2412 1800 2467 1844 et
2503 1795 2582 1844 in·

1516 1871 1640 1923 festi
1661 1873 2059 1923 obtrectatores.

1581 1950 1598 1982 ⁸
1625 1950 1730 1999 Aut
1786 1948 1968 1999 Caesari
2020 1947 2305 1999 conscientia
2343 1946 2579 2000 abeundo

1511 2023 1607 2088 est]
1656 2024 1905 2077 Quamvis
1941 2024 2241 2075 innocentia
2258 2023 2446 2087 subsit,
2465 2037 2579 2088 gra·

1513 2100 1591 2150 vis
1610 2107 1784 2151 tamen
1802 2098 2122 2150 conscientia
2143 2100 2249 2165 iila,
2268 2103 2440 2166 gravis
2472 2111 2583 2154 sus?-

1514 2178 1674 2243 picio,
1697 2184 1754 2228 et
1776 2178 1959 2228 intima
1981 2177 2071 2227 illa
2094 2179 2360 2241 cogitatio.
2562 2179 2567 2186 ’

1507 2279 1512 2284 =
1579 2255 1666 2304 Sic
1709 2254 1944 2304 Tiberius
1989 2253 2079 2304 lib.
2128 2268 2205 2305 νε.
2247 2260 2332 2305 26.
2369 2256 2462 2306 ubi
2506 2257 2575 2309 de

1512 2330 1712 2393 Nerva,
1731 2329 1813 2393 qui
1850 2331 1963 2378 dam
1984 2329 2190 2392 integer,
2208 2330 2331 2381 dum
2353 2331 2578 2384 intenta·

1509 2411 1616 2469 tus,
1659 2406 1789 2455 mori
1831 2404 2131 2470 destinavit,
2164 2406 2341 2457 aiebat
2373 2409 2389 2437 ‘
2413 2423 2574 2475 grave

1512 2481 1864 2543 conscientiae,
1910 2495 2068 2547 grave
2135 2482 2290 2534 famoe
2352 2500 2478 2550 suoe,
2529 2482 2574 2538 si

1511 2558 1778 2621 proximus·
1799 2558 2098 2627 amicorum,
2129 2561 2283 2611 nuliis
2315 2563 2575 2615 moriendi
2664 2556 2671 2561 ’

1510 2624 1822 2697 rationibus,
1846 2631 2003 2684 vitam
2027 2634 2269 2700 fugeret?
2564 2696 2571 2703 ¹

1515 2738 1518 2741 -
1572 2711 1677 2760 Aut
1702 2712 1886 2761 Coesari
1923 2710 2203 2763 conscientia
2223 2715 2460 2766 subeundo
2478 2715 2574 2783 est]

1507 2787 1626 2838 Nec
1655 2788 1779 2837 mihi
1813 2790 2080 2852 parricidii
2116 2792 2333 2856 cogitati
2354 2793 2573 2849 infamia

1507 2863 1644 2913 inuri
1677 2864 1867 2926 debet;
1912 2880 2082 2931 neque
2117 2868 2295 2917 Caesar
2330 2869 2428 2920 sibi
2451 2884 2574 2921 con-

1505 2939 1644 2989 scius
1662 2954 1790 3004 esse,
1812 2942 1961 3006 quasi
1992 2941 2047 2991 id
2082 2950 2250 2993 mater
2282 2945 2454 2996 moliri
2485 2961 2574 2996 vo·

1505 3017 1695 3079 luerit3
1746 3032 1844 3068 nec
1871 3018 2048 3069 Coesar
2084 3020 2137 3069 id
2174 3021 2272 3072 sibi
2304 3021 2445 3072 intus
2481 3037 2572 3073 ex-

1507 3097 1758 3160 probrare
1802 3102 2005 3147 secreto
2048 3097 2230 3164 debet,
2272 3101 2418 3166 quasi
2458 3101 2570 3167 ipse

1505 3170 1693 3234 dignus
1715 3172 1801 3236 sit,
1835 3172 1887 3221 in
1927 3187 2079 3237 quem
2119 3174 2452 3237 parricidium
2482 3191 2572 3229 co·

1502 3245 1716 3309 gitetur.
1777 3246 2050 3311 Interpres
2080 3249 2344 3314 Hispanus
2365 3253 2568 3315 vertit3

1502 3338 1588 3372 nec
1607 3324 1763 3372 animo
1783 3322 1993 3373 Coesoris
2021 3324 2221 3389 suspicio
2236 3328 2365 3393 §talis
2383 3330 2573 3380 sceleris

1502 3399 1653 3448 inesse
1669 3399 1822 3448 debet.

1572 3476 1872 3526 Conscientia
1931 3478 2116 3526 Coesmi
2178 3480 2420 3530 subeunda
2472 3483 2568 3548 est]

1502 3553 1671 3605 Quam
1696 3554 1885 3617 gravis,
1906 3561 1961 3606 et
1999 3561 2208 3620 quantae
2229 3558 2378 3609 molis
2398 3560 2466 3611 sit
2491 3567 2566 3613 ta·

1501 3630 1565 3679 iis
1584 3631 1884 3696 conscientia,
1902 3632 2074 3683 sciunt
2098 3633 2186 3698 qui
2210 3635 2451 3701 oderunt,
2474 3647 2568 3690 ant
2623 3656 2637 3681 ¹

1501 3714 1826 3773 suspectant,
1844 3711 1928 3759 vel
1962 3720 2331 3774 suspectantur
2353 3728 2385 3763 a
2406 3716 2571 3767 domi.

1499 3783 1764 3847 nantibus,
1801 3784 1927 3836 licet
1956 3785 2185 3848 innoxii;
2240 3787 2367 3839 licet
2407 3788 2568 3844 aboli-

1501 3866 1612 3909 tum
1634 3861 1700 3910 sit
1723 3862 1937 3923 crimen,
1969 3867 2026 3911 et
2056 3861 2254 3913 frustra
2288 3865 2570 3935 objectum,

1498 3941 1655 3987 manet
1674 3941 1829 3987 tannen
1851 3938 2031 3996 litam
2067 3947 2247 3990 manet
2267 3946 2569 4013 conscientia,

1499 4010 1551 4061 id
1574 4014 1811 4075 potuisse
1846 4012 1983 4076 fieri,
2013 4014 2068 4063 id
2108 4016 2343 4079 potuisse
2374 4019 2561 4085 objici5

1498 4096 1678 4141 manet
1716 4090 1771 4139 id
1814 4088 2078 4154 objectum
2114 4105 2248 4156 esse,
2282 4099 2374 4143 aut
2412 4109 2563 4159 posse

1495 4164 1664 4215 adbuc
1685 4164 1895 4233 suscipi,
1916 4166 1998 4217 vel
2019 4181 2087 4218 ex
2117 4167 2238 4223 odio
2262 4170 2444 4235 prioris
2476 4188 2555 4229 aa·

1494 4255 1591 4293 sus.
