3100 4925
491 398 671 470 1410

494 578 631 636 aon
655 624 664 632 .
686 553 1055 632 adimant-⁸

1201 413 1269 460 0.
1313 411 1682 463 conum-11
1727 409 1985 463 maort!

2377 422 2474 489 [A.
2493 419 2560 475 ιι.
2576 408 2699 476 sos.

1169 549 1372 635 Quin,
1397 561 1484 624 et,
1523 547 1791 637 legatisy
1850 554 2362 636 Armeniorum:
2419 568 2703 628 causam
2728 601 2743 622 .

479 741 841 804 Δ..ιηιιωεονιιηι,
873 754 1060 790 caum
1088 739 1294 789 natm
1324 740 1452 802 apua
1466 738 1729 802 mmm
1747 737 2122 822 defendentibus
2144 739 2259 812 19⁸⁸
2277 701 2525 794 masam
2544 699 2699 792 trib-'2⁸-

1418 880 1772 901 “aeeon-0000

483 983 770 1034 seudum.
835 982 1007 1045 Vulgo
1027 981 1083 1031 in
1102 982 1231 1031 Mss.
1254 985 1310 1030 et
1341 977 1658 1029 editionibus
1694 979 1980 1039 veteribus,
2015 981 2189 1029 aditus.
2221 980 2325 1029 Ms.
2347 980 2459 1031 Jes.
2480 981 2694 1038 additas.

494 1046 560 1097 In
581 1048 814 1113 margine
833 1043 1566 1108 Ms.Bod1.mainam‚-quod
1589 1050 1645 1091 et
1667 1044 1889 1094 Ernesto
1912 1014 2171 1150 pl’acebat.
2209 1045 2427 1094 Brotier.
2482 1046 2696 1102 Auditus

1488 1171 1705 1223 NOTAE

493 1268 632 1321 lum!
664 1270 989 1335 Lampridius
1009 1270 1063 1320 in
1088 1268 1412 1319 Alexandro:
1438 1268 1558 1318 ‘Sa-

489 1341 779 1409 lutabatur,
804 1345 948 1410 quasi
973 1358 1102 1394 unus
1124 1344 1191 1394 de
1213 1343 1557 1406 senatoribus,

489 1427 709 1486 patente
746 1421 880 1482 velo,
914 1420 1354 1469 admissionalibus
1391 1433 1556 1469 remo-

493 1496 597 1548 tis!

558 1571 692 1623 Inde
733 1572 871 1636 apud
923 1570 1326 1623 jurisconsultos
1369 1584 1550 1620 causas

493 1663 804 1713 cognoscere
825 1651 976 1698 levato
1011 1649 1132 1697 velo.-
1162 1633 1217 1696 id
1241 1653 1340 1709 est,
1377 1647 1550 1711 palam

491 1726 726 1775 omnibus
761 1723 1015 1785 admissis,
1036 1725 1071 1773 1.
1096 1741 1147 1775 v.
1171 1739 1219 1774 c.
1256 1724 1323 1774 de
1347 1717 1555 1774 naufra-

490 1802 614 1864 giis:
648 1803 664 1830 ‘
686 1802 773 1850 De
809 1801 1088 1851 submersis
1124 1800 1341 1849 navibus
1374 1799 1551 1849 decer·

490 1876 678 1938 nimus,
718 1880 779 1924 ut
818 1875 992 1924 levato
1040 1876 1177 1934 velo,
1221 1874 1337 1924 istae
1382 1888 1551 1924 causoe

491 1950 900 2015 cognoscantur!
966 1948 1054 1999 Ad
1076 1950 1188 1999 baec
1213 1956 1269 2000 et
1291 1949 1414 1999 talia
1437 1950 1554 1998 vela

489 2025 615 2077 facit
634 2026 765 2090 lapis
788 2032 940 2075 vetus
964 2025 1174 2074 Rome:

620 2112 697 2151 τι.
719 2113 801 2151 c1..
820 2110 1069 2149 mantus

619 2187 980 2238 ramosum.
1001 2186 1374 2224 vul-amorum

620 2264 826 2304 nouus.
847 2264 1225 2302 Aueus‘nsmn.

421 2379 426 2386 ,
489 2327 656 2377 Erant
677 2332 850 2376 tamen
872 2332 928 2376 et
949 2327 1055 2375 alia
1071 2328 1188 2377 vela
1219 2327 1272 2375 in
1305 2326 1551 2377 coenatio-

489 2400 642 2449 nibus
666 2400 880 2451 arcendi
901 2399 1126 2467 frigoris,
1151 2403 1380 2468 itemque
1401 2416 1551 2452 orna·

489 2481 574 2525 tus
614 2491 799 2526 causa.
832 2477 900 2527 de
940 2478 1121 2543 quibus
1156 2478 1357 2529 Seneca
1395 2479 1549 2529 l.1v.

489 2553 689 2605 Quaest.
706 2554 830 2602 Nat.
851 2559 908 2603 et
924 2554 1270 2603 Tertullianus
1292 2554 1357 2621 de
1373 2553 1551 2643 habitu

487 2627 744 2677 muliebri.
774 2627 907 2692 Εἰρε-

553 2702 925 2766 conjiciebam,
958 2701 1117 2752 obdito
1144 2718 1175 2752 u
1194 2708 1332 2766 tergo
1357 2702 1550 2764 foribus

485 2778 584 2827 velo
604 2778 826 2828 discreta.
888 2779 936 2829 A
971 2783 1123 2842 tergo,
1145 2785 1289 2844 puta,
1319 2781 1547 2830 sedentis

486 2854 752 2918 principis,
783 2855 989 2904 discreta
1023 2856 1143 2918 velo,
1167 2855 1548 2920 quodobditum

486 2938 600 2980 erat
635 2930 850 2995 foribus,
880 2931 936 2980 in
975 2929 1160 2997 quibus
1198 2931 1373 2981 stabat
1410 2932 1547 2995 ipsa.

490 3007 699 3056 Gronov.
1319 3072 1322 3075 Ι

547 3080 768 3144 Abdita]
833 3077 990 3142 Puto,
1020 3086 1172 3130 erant
1192 3078 1331 3130 fores
1352 3080 1546 3132 abditae·

487 3156 725 3220 quaedam
763 3162 819 3206 et
850 3162 1070 3206 secretae
1092 3171 1122 3205 a
1146 3163 1293 3221 tergo
1316 3165 1546 3221 senatus,

483 3228 541 3279 in
576 3237 724 3293 parte
759 3223 1034 3295 posteriori
1065 3233 1245 3296 templi
1285 3247 1376 3282 seu
1411 3233 1545 3282 basi-

485 3306 620 3368 licae,
640 3305 692 3354 in
716 3321 818 3371 qua
838 3308 1130 3376 habebatur
1152 3315 1391 3369 senatus;
1427 3323 1545 3373 quse

482 3381 620 3431 fores
671 3381 837 3431 minus
887 3380 1234 3452 frequentatae
1283 3390 1459 3433 erant:
1514 3397 1547 3434 a

482 3462 631 3521 tergo
666 3471 935 3507 consessus
971 3467 1196 3523 patrum,
1217 3457 1354 3508 forte
1377 3465 1434 3508 et
1467 3473 1545 3507 re-

483 3525 583 3597 giae
609 3532 897 3597 viciniores,
920 3534 1105 3598 quibus
1130 3534 1337 3584 astabat
1356 3532 1545 3598 Agrip-

483 3606 622 3671 pina,
642 3609 752 3657 solo
783 3609 896 3658 velo
931 3608 1190 3670 discreta;
1225 3609 1302 3658 ita
1336 3614 1394 3658 nt
1430 3610 1545 3673 ipsa

485 3681 650 3731 videri
668 3697 768 3731 non
791 3689 987 3752 posset,
1022 3692 1078 3734 et
1101 3685 1237 3733 unde
1261 3689 1433 3732 tamen
1456 3698 1544 3732 au·

482 3756 622 3806 diret
643 3759 708 3807 ea
727 3774 843 3822 quae
866 3747 1296 3822 proferrentur‘in
1320 3763 1523 3813 senatu.

545 3830 633 3880 Sic
656 3832 828 3896 plures
848 3833 902 3880 in
939 3847 1081 3881 suam
1118 3832 1396 3882 factionem
1432 3832 1541 3882 adi-

484 3905 642 3971 gebat
662 3908 790 3968 ipsa,
809 3912 866 3956 et
887 3908 1031 3971 quasi
1062 3907 1360 3957 libertatem
1383 3908 1541 3970 patri·

480 3981 578 4031 bus
619 3978 907 4044 auferebat,
950 3995 1023 4029 ea·
1055 3981 1315 4041 censendi,
1351 3999 1465 4047 quae
1510 3999 1541 4033 e

480 4059 685 4124 Repnb.
725 4066 925 4108 essenti
969 4059 1040 4107 sic
1086 4059 1202 4122 ipsa
1240 4061 1544 4112 muliercula

480 4149 602 4198 pars
622 4133 843 4185 maxima
859 4140 1067 4183 ⁴senatus
1089 4132 1209 4199 fuit,
1244 4135 1367 4187 licet
1388 4137 1442 4186 in
1462 4150 1555 4197 se·

479 4217 604 4263 natu
627 4225 729 4262 nou
749 4210 1157 4274 conspiceretur.

625 4374 719 4395 'cd'

1697 1268 1914 1332 Abditis]
2003 1269 2179 1319 Vertit
2233 1269 2373 1318 Clar.
2431 1267 2698 1330 Har-laius,

1636 1345 1781 1408 quasi
1826 1353 2025 1409 apertae
2065 1350 2242 1395 essent
2279 1351 2445 1409 portoe
2483 1344 2609 1405 iuae,
2636 1350 2701 1393 et

1632 1426 1874 1483 separata
1904 1425 2046 1469 esset
2066 1421 2183 1469 velo
2215 1418 2424 1467 foemina
2463 1433 2494 1467 a
2532 1413 2698 1482 patri-

1633 1493 1767 1542 bus‘
1754 1508 1805 1542 ιιι
1826 1495 2021 1557 templo
2046 1492 2406 1542 assidentibus.
2557 1517 2563 1522 ·
2736 1527 2741 1530 μ

1697 1568 1915 1631 Abditis]
1978 1569 2172 1619 Abditae
2193 1583 2379 1657 nempe
2398 1568 2502 1617 illae
2524 1567 2692 1629 fores;

1635 1645 1758 1709 quia
1795 1645 1966 1694 velum
2007 1631 2371 1708 interpositum
2407 1653 2519 1694 erat
2556 1646 2698 1694 inter

1630 1717 1772 1769 fores
1796 1730 1852 1770 et
1875 1725 2100 1770 astantes
2122 1726 2319 1784 patres,
2339 1726 2395 1770 et
2431 1720 2545 1783 ipso
2575 1721 2699 1771 velo

1634 1794 1863 1845 discreta
1893 1796 2189 1861 Agrippina
2228 1795 2295 1845 ab
2333 1791 2699 1868 assistentibus

1631 1871 1687 1920 in
1708 1877 1909 1923 senatu.

1676 1946 1891 1995 ‘Abditis
1929 1963 1960 1997 a
1997 1945 2158 2010 tergo]
2222 1948 2399 1997 Vertit
2437 1947 2700 2010 interpres

1632 2016 1917 2086 Hispanus,
1955 2023 2107 2088 quasi
2139 2029 2303 2072 staret
2339 2019 2639 2087 Agrippina
2660 2025 2700 2071 a

1631 2101 1778 2157 tergo
1803 2102 2116 2159 senatorum,
2139 2097 2207 2146 ad
2227 2096 2366 2145 fores
2400 2111 2697 2146 communes

1631 2172 1847 2221 alterius
1868 2173 2095 2236 aedificii,
2126 2173 2262 2239 quod
2297 2188 2583 2228 connexum
2615 2188 2697 2223 es·

1630 2255 1714 2299 set
1736 2251 1932 2314 templo
1970 2251 2023 2300 in
2060 2266 2163 2316 quo
2187 2250 2458 2301 ⁴sedebant
2491 2258 2696 2315 patr-es;

1632 2324 1712 2373 ita
1748 2330 1808 2374 ut
1840 2327 1959 2376 velo
1982 2341 2142 2390 supra
2163 2326 2302 2377 fores
2327 2342 2575 2391 expanso,
2594 2327 2696 2376 dis·

1633 2407 1783 2455 creta
1806 2407 1943 2451 esset
1965 2402 2255 2468 Agrippina
2277 2404 2341 2453 ab
2360 2411 2563 2453 senatu.

1695 2477 1802 2527 Sed
1823 2479 1995 2542 potuit
2033 2494 2146 2532 esse
2179 2481 2293 2542 ipsa
2315 2480 2381 2529 ad
2403 2480 2540 2531 fores
2559 2464 2696 2533 abdiss

1628 2544 1708 2601 'tas
1723 2566 1755 2600 a
1771 2558 1921 2616 tergo
1945 2553 2128 2617 ipsins3
2151 2554 2337 2604 abditas
2355 2569 2541 2618 nempe
2559 2557 2697 2618 velo,

1631 2626 1767 2691 quod
1794 2633 1998 2691 tegeret
2020 2628 2169 2677 simul
2193 2635 2248 2679 et
2281 2628 2419 2681 fores
2449 2634 2505 2680 et
2525 2630 2695 2689 smmi-,-

1628 2715 1765 2764 nam,
1785 2701 1922 2766 quod
1947 2703 2085 2752 inter
2104 2702 2270 2769 ipsam
2305 2710 2363 2753 et
2382 2702 2520 2754 fores
2539 2702 2696 2770 esset,

1626 2774 1702 2825 ita
1723 2783 1782 2825 ut
1807 2776 1916 2825 solo
1938 2778 2054 2826 velo
2089 2791 2317 2842 expanso
2357 2787 2694 2843 separaretur

1627 2850 1757 2914 ipsa
1764 2865 1797 2899 a
1819 2852 2055 2914 patribus
2070 2853 2498 2916 deliberantibus;
2524 2871 2696 2925 neque

1627 2933 1839 2974 necesse
1868 2923 1991 2987 fuit,
2011 2934 2071 2976 ut
2103 2928 2207 2976 illae
2243 2926 2392 2979 fores
2416 2931 2696 2994 respoude-

1627 3000 1734 3050 rint
1756 3000 1906 3049 alteri
1931 3001 2171 3052 aedificio.

1690 3073 1996 3124 sufficiebat
2015 3075 2338 3143 Agrippinae,
2360 3079 2405 3130 si
2429 3093 2531 3129 non
2552 3081 2698 3131 vide·
2720 3118 2723 3121 -

1626 3157 1792 3213 retur,
1814 3158 1868 3201 et
1887 3158 2062 3201 tamen
2082 3155 2304 3219 audiret,
2319 3156 2483 3206 veluti
2499 3172 2692 3220 coram,

1627 3227 1910 3279 sententias
1950 3234 2182 3290 patrum·
2168 3266 2184 3290 ‚
2219 3231 2356 3295 quod
2384 3234 2564 3287 summi
2587 3249 2696 3287 mo·

1626 3304 1786 3351 menti
1808 3303 1929 3367 fnit,
1949 3305 2013 3353 ad
2035 3307 2275 3371 gratiam,
2295 3309 2361 3357 ad
2382 3311 2694 3360 assentatio·

1627 3394 1763 3441 nem,
1806 3381 1872 3429 ad
1925 3382 2144 3432 honores
2197 3397 2316 3432 mox
2370 3384 2694 3449 obtinendos,

1628 3456 1763 3505 scire
1781 3457 2027 3521 reginam,
2043 3458 2165 3522 quid
2191 3465 2246 3508 et
2268 3475 2369 3523 quo
2390 3461 2543 3510 modo
2561 3467 2692 3511 tunc

1627 3538 1902 3583 censerent
1924 3538 2134 3595 patr-es;
2168 3541 2224 3583 et
2260 3534 2358 3584 boc
2399 3550 2572 3585 coram
2601 3536 2696 3597 do·

1626 3607 1854 3656 minante
1897 3622 1993 3671 per
2033 3623 2279 3658 summam
2329 3611 2691 3674 impotentiam

1626 3681 1855 3747 foemlna,
1874 3684 1915 3731 si
1941 3699 2116 3733 omnes
2134 3691 2335 3749 patres,
2354 3688 2438 3735 vel
2459 3684 2693 3736 nonnulli

1626 3759 1838 3822 scirent,
1855 3760 2017 3822 ipsam
2032 3758 2212 3809 adesse
2232 3767 2288 3809 et
2305 3759 2484 3809 audire
2501 3759 2694 3829 Agrip,-

1615 3833 1816 3901 vinam.

1687 3912 1714 3943 ⁸
1745 3909 1979 3959 Auditum
1993 3925 2086 3959 non
2106 3909 2358 3974 adimeret]
2389 3912 2563 3976 Vulgo
2584 3912 2693 3963 udi·

1621 3989 1752 4034 tum.-
1786 3992 1843 4034 et
1880 3987 2034 4036 immo
2056 4001 2184 4036 vero
2223 3987 2483 4037 adimebat
2502 3988 2693 4040 aditus.

1621 4075 1719 4110 nec
1738 4061 1898 4122 adire,
1918 4061 2066 4122 adiri,
2082 4063 2379 4126 conspicive
2396 4061 2693 4127 Agrippina

1620 4137 1806 4187 voluit.
1870 4136 2075 4202 Scribo,
2094 4140 2302 4189 unditus.
2334 4139 2475 4203 Lips.

1685 4212 1740 4264 Si
1761 4212 1891 4279 legis
1909 4214 2087 4280 udum,
2108 4213 2371 4279 intellige,
2388 4213 2467 4265 ita
2486 4218 2548 4265 ut
2567 4208 2703 4280 ipsa
