3100 4925
479 334 652 402 1242

1174 347 1244 395 o.
1287 304 1651 393 nonnamw
1674 299 1959 389 'raom

2359 339 2449 406 [A.
2470 339 2538 393 u.
2560 345 2679 393 0⁰4.

480 494 708 558 ritare¹²
748 490 975 569 vultis,
1019 488 1334 571 sequitur,
1364 492 1439 551 ut
1466 503 1694 551 omnes
1723 483 2105 549 servitutem
2130 482 2464 569 accipiant
2481 483 2512 544 ’ἰ
2602 479 2680 545 Si

481 595 733 660 statimq
757 591 1019 656 deditus
1048 589 1370 668 traderem
1414 605 1631 668 neque
1675 604 1825 649 mea
1854 585 2137 663 fortuna,
2163 602 2377 686 neque
2403 587 2517 647 tua
2544 583 2680 666 glo·

483 794 668 851 sponte
691 787 923 851 perdidi?
986 788 1147 846 Num,
1179 786 1222 834 si
1257 801 1347 835 vos
1382 785 1617 835 omnibus
1645 783 1896 833 dominari
1919 783 2125 847 cupitis,
2148 782 2399 846 sequitur,
2431 787 2490 830 ut
2508 794 2683 830 omnes

483 850 678 903 servitii
692 852 878 916 jugum
898 851 1033 902 ultro
1051 850 1301 900 induant?
1334 849 1390 900 Si
1408 850 1582 899 statim
1601 864 1682 898 me
1706 847 2048 899 dedidissem!
2084 863 2249 912 neque
2261 861 2378 897 mea
2399 845 2684 908 calamitas,

1469 1049 1691 1104 NOTAE

483 1180 591 1247 qui,
608 1187 664 1231 et
686 1197 785 1231 non
810 1187 995 1246 sponte
1016 1179 1237 1244 perdidi.
1294 1179 1409 1228 Nec
1424 1176 1544 1227 ideo

483 1272 604 1305 reus
629 1256 792 1306 videri
817 1256 1016 1318 debe03
1051 1271 1152 1313 uon
1191 1261 1335 1305 certe
1376 1268 1545 1304 meum

483 1333 556 1395 id,
577 1333 668 1382 sed
692 1331 915 1382 fortunoe
938 1334 1106 1382 scelus
1124 1339 1223 1395 est,
1243 1333 1325 1380 sed
1339 1345 1548 1394 proesens

481 1422 583 1457 sors
601 1423 721 1468 mea,
741 1413 797 1457 ut
813 1408 930 1457 milii
949 1407 1186 1471 indecora,
1218 1407 1291 1456 sic
1315 1406 1409 1455 tibi
1432 1405 1542 1469 glo·

485 1482 621 1532 riosa
642 1490 740 1533 est.

548 1566 577 1599 Ρ
627 1559 738 1608 Non
780 1559 825 1608 si
867 1575 948 1608 vos
989 1558 1200 1609 munibus
1250 1555 1544 1621 imperitare]

413 1629 420 1633 ’
483 1634 677 1697 Vulgo,
710 1650 819 1682 uam
855 1635 900 1682 si
933 1650 1033 1697 eos,
1070 1638 1200 1684 &c.:
1250 1633 1387 1697 quod
1422 1645 1546 1681 vero

485 1708 611 1767 falso
645 1718 699 1760 et
736 1712 914 1774 inepte
949 1712 1156 1761 dicitur.
1220 1711 1351 1761 Idne
1370 1724 1547 1759 conse-

484 1798 722 1851 sequens,
755 1794 814 1836 ut
838 1789 926 1851 qui
949 1788 1089 1851 velit,
1120 1787 1258 1853 quod
1281 1787 1407 1837 velit
1429 1800 1546 1849 pos·

487 1860 590 1910 sit?
652 1863 766 1926 Ego
783 1878 866 1912 me
884 1864 1252 1913 Britannorum
1269 1876 1445 1926 regem
1468 1877 1546 1910 es·

487 1950 543 1985 se
568 1938 716 1987 volo:
751 1940 1149 2002 illi‘accipiant?
1194 1940 1425 1989 Emendo
1443 1938 1546 2002 pri-

489 2026 631 2061 orem
676 2014 929 2076 voculam,
960 2021 1017 2064 et
1051 2010 1162 2064 nuni
1198 2015 1348 2078 lego:
1388 2019 1545 2077 atque

485 2088 565 2136 ita
602 2089 913 2137 sententiam
951 2088 1352 2152 interrogatione
1389 2087 1548 2150 inspi-

486 2175 567 2211 ro.
1043 2172 1056 2186 ·

552 2237 683 2300 Ego,
726 2236 911 2302 inquit,
962 2236 1108 2287 vobis
1162 2252 1246 2287 me
1296 2238 1511 2300 opposui
1531 2253 1569 2295 ι,

490 2312 614 2376 quid
652 2312 874 2361 mirum?
914 2313 998 2361 An
1020 2313 1143 2377 quia
1183 2327 1275 2362 vos
1313 2312 1549 2362 omnibus

487 2389 743 2452 imperare
766 2388 939 2452 vultis,
971 2403 1147 2438 omnes
1182 2388 1357 2438 statim
1391 2388 1551 2452 impe-

490 2466 594 2530 rari
616 2466 774 2514 etiam
806 2466 1004 2515 velint?
1038 2479 1139 2514 non
1174 2463 1408 2513 hercules
1441 2465 1552 2513 ani-

490 2541 617 2590 mosi
636 2556 747 2602 nos,
770 2549 825 2590 et
853 2542 1022 2591 liberi.
1087 2542 1292 2604 lipsius.

554 2618 635 2666 Ex
649 2616 1009 2667 emendatione
1028 2617 1189 2680 Lipsii
1211 2616 1370 2665 edere
1384 2616 1551 2665 visum

490 2690 612 2755 fuit,
630 2706 759 2753 um,
779 2693 843 2753 si,
866 2693 1120 2742 sententia
1142 2698 1344 2756 promta
1365 2696 1420 2741 et
1441 2707 1554 2741 ora·

490 2768 622 2818 tioni
655 2768 971 2831 praecedenti
1005 2767 1552 2829 accommodatissima,

494 2857 610 2897 eum
634 2844 686 2892 in
708 2844 875 2892 altera
897 2844 1002 2902 illa,
1030 2858 1158 2904 nam,
1187 2843 1251 2905 si,
1274 2856 1375 2891 non
1397 2856 1554 2905 agno·

494 2925 626 2980 scas,
651 2934 751 2982 quo
774 2921 875 2968 ista
897 2918 1151 2978 dicantur,
1174 2925 1262 2966 aut
1299 2917 1554 2981 qinomodo

487 2992 601 3055 jam
622 2993 776 3041 dictis
796 2993 1107 3042 cohaereant.
1170 2991 1351 3052 Pergit
1381 2996 1552 3039 autem

493 3068 690 3115 servire
720 3082 886 3116 causae
923 3081 1046 3127 suae,
1068 3073 1125 3115 et
1148 3066 1556 3129 qnodRomanis

482 3142 775 3192 *restitisset
796 3155 1055 3191 excusare.
1121 3171 1130 3180 ·
1475 3139 1482 3146 ’

558 3216 790 3265 Primum
813 3217 992 3281 igitur,
1014 3212 1316 3281 argumento
1349 3217 1415 3265 ab
1446 3217 1555 3280 opi-

496 3293 594 3342 bus
614 3292 717 3341 suis
749 3291 907 3342 ducto
929 3306 1070 3351 usus,
1092 3293 1341 3354 ostendit,
1362 3307 1477 3356 qnae
1500 3299 1560 3342 et

496 3376 687 3435 quanta
709 3369 965 3428 amiserit3
1001 3382 1167 3432 eaque
1199 3383 1317 3418 cum
1350 3367 1453 3417 siut
1489 3383 1559 3417 ex

495 3446 577 3508 iis,
596 3460 712 3508 quae
735 3445 786 3492 in
810 3443 964 3493 rebus
983 3443 1215 3494 humanis
1243 3444 1455 3493 maximi
1478 3453 1559 3493 so:

494 3518 609 3568 lent
645 3518 907 3580 aestimari‚
938 3516 1117 3581 infert,
1145 3518 1340 3567 nemini
1369 3518 1557 3567 mirum

496 3593 663 3643 videri
688 3595 899 3656 debere,
922 3594 967 3643 si
999 3608 1062 3643 ea
1088 3594 1279 3643 invitus
1314 3593 1563 3659 amiserit,

499 3668 541 3718 si
564 3668 730 3719 donec
751 3678 948 3733 posset,
967 3669 1207 3719 tenuerit.

562 3748 681 3797 Nec
722 3755 822 3809 est,
862 3749 1045 3811 inquit,
1083 3754 1141 3797 ut
1179 3747 1295 3812 quis
1329 3755 1560 3812 opponat

500 3824 760 3873 Romanos
794 3825 1028 3885 gentium
1061 3815 1296 3874 dominos
1323 3839 1455 3888 esse,
1475 3826 1559 3874 iis-

499 3913 599 3964 que
636 3904 695 3948 nt
729 3900 1025 3949 melioribus
1055 3903 1354 3965 parendum.
1422 3904 1558 3952 Nam

497 3974 653 4024 etiam
678 3975 720 4022 si
741 3965 853 4023 haec
890 3975 964 4023 ita
987 3977 1132 4026 vobis
1156 3977 1446 4041 videantur,
1467 3979 1559 4029 alii

499 4056 673 4099 tamen
697 4063 800 4098 non
836 4050 1009 4098 statim
1045 4067 1107 4100 ea
1143 4061 1316 4102 mente
1342 4061 1478 4117 sunt,
1500 4062 1560 4114 ut

494 4127 679 4190 jugum
702 4126 965 4188 patienter
986 4128 1263 4195 accipiant,
1287 4131 1380 4181 sed
1413 4131 1560 4181 resis-

502 4208 623 4253 tunt
646 4208 890 4268 quantum
913 4213 1143 4268 possunt.

1688 1173 1794 1223 Sed
1835 1173 2000 1238 ipsam
2034 1172 2175 1222 illam
2205 1169 2595 1234 repugnantiam
2619 1183 2686 1218 ae·

1627 1265 1718 1314 gre
1738 1248 1877 1298 ferre
1900 1264 2002 1298 non
2025 1249 2250 1310 debetis,
2271 1263 2390 1297 cum
2412 1247 2560 1297 vobis
2582 1245 2688 1309 glo-

1627 1327 1755 1374 riam
1797 1331 2012 1388 augeat:
2068 1339 2183 1388 quae
2227 1338 2328 1372 non
2371 1337 2439 1372 ex
2478 1321 2687 1371 levibns

1627 1401 1818 1465 praeliis
1852 1406 1944 1450 ant
1979 1400 2210 1450 victoriis
2249 1400 2440 1469 absque
2473 1397 2688 1460 pulvere

1627 1478 1791 1542 partis
1815 1479 1998 1541 oritur,
2011 1477 2105 1527 sed
2128 1491 2194 1525 ex
2217 1475 2366 1526 bellis
2387 1472 2688 1538 periculosis

1628 1560 1784 1618 atque
1803 1554 2063 1604 exercitis.

1690 1631 1797 1680 Sed
1822 1637 1935 1680 tota
1954 1631 2065 1695 hoee
2089 1629 2273 1691 oratio,
2294 1629 2336 1678 si
2363 1642 2464 1691 qna
2486 1626 2589 1676 alia
2607 1625 2688 1675 his

1627 1706 1790 1771 libris,
1832 1706 2250 1757 artificiosissime
2287 1698 2541 1754 'contexta
2589 1710 2691 1762 est,

1627 1798 1800 1846 quam,
1815 1784 2023 1832 volente
2039 1783 2172 1846 Deo,
2193 1781 2244 1830 in
2260 1778 2562 1843 paraphrasi
2576 1792 2690 1828 nos·

1628 1867 1707 1908 tra
1735 1861 1998 1909 resolvam.
2072 1858 2432 1908 Freinshemius.

1691 1936 1908 1995 Ponam,
1951 1952 2044 1985 nou
2083 1936 2258 1989 sivos.
2345 1934 2570 1995 Elegans
2614 1931 2690 1978 lo-

1630 2011 1822 2071 quendi
1846 2025 2004 2071 genus
2037 2016 2092 2058 et
2111 2006 2508 2060 Jurisconsultis
2547 2004 2692 2054 fami-

1626 2082 1776 2144 liare,
1810 2083 2002 2135 fefellit
2040 2083 2402 2147 exscriptores.
2466 2082 2693 2144 Accipere

1626 2160 1920 2221 servitutem,
1942 2164 2020 2208 est
2042 2173 2131 2207 sua
2154 2164 2359 2222 sponte,
2389 2164 2445 2207 et
2477 2156 2589 2206 sine
2618 2169 2696 2206 re-

1630 2235 1746 2285 nisu
1770 2251 1882 2285 eam
1907 2235 2096 2285 subire.
2167 2235 2381 2285 Grotius.

1698 2310 2028 2374 Nam‚sivos]
2075 2310 2161 2359 Sic
2198 2323 2358 2359 sume.
2425 2307 2563 2361 Quid
2600 2308 2693 2356 mi·

1632 2403 1762 2450 rum,
1779 2389 1822 2436 si
1837 2387 1948 2437 haec
1967 2386 2130 2447 amisi,
2143 2386 2267 2435 licet
2282 2385 2474 2433 invitus
2493 2384 2512 2431 ἓ
2552 2383 2694 2444 Nam,

1630 2465 1675 2513 si
1695 2480 1776 2512 vos
1793 2463 2006 2513 omnibus
2022 2463 2296 2525 imperitare
2320 2461 2481 2523 vultis,
2501 2458 2569 2509 ob
2590 2473 2694 2508 am-

1633 2539 1936 2603 plitudinem
1958 2539 2212 2602 potentiae
2247 2546 2454 2599 vestrae,
2486 2537 2696 2600 sequitur

1632 2617 1944 2680 necessario,
1981 2617 2043 2666 αἱ
2073 2630 2232 2666 omnes
2263 2617 2537 2666 servitutem
2573 2616 2697 2665 ecci·

1626 2692 1784 2757 piant.

1695 2769 1796 2817 Vel
1818 2769 1890 2817 sic
1908 2767 2310 2830 interrogative:
2355 2768 2505 2826 Nam,
2539 2764 2585 2814 si
2617 2780 2697 2815 uos

1632 2843 1842 2891 omuibus
1877 2843 2150 2907 imperitare
2183 2844 2346 2906 vultis,
2377 2841 2606 2907 sequitur,
2641 2846 2698 2890 ut

1632 2933 1786 2967 omnes
1805 2920 2078 2968 servitutem
2097 2917 2372 2982 accipiant?

1696 3001 1721 3034 «ι
1753 2994 1812 3041 Si
1828 2994 2015 3055 statim]
2054 2995 2108 3043 Si
2130 2995 2303 3043 statim
2325 3008 2406 3042 me
2429 2992 2527 3042 tibi
2550 2992 2695 3041 dedi·

1635 3067 1840 3127 dissem,
1857 3082 2024 3132 neque
2041 3083 2157 3118 mea
2171 3069 2398 3129 fortuna,
2416 3082 2584 3132 neque
2606 3073 2696 3117 tua

1637 3144 1799 3206 gloria
1836 3144 2175 3207 inclaruisset,
2215 3152 2269 3193 et
2299 3144 2476 3194 statim
2506 3142 2701 3206 suppli·

1637 3219 1771 3267 cium
1792 3220 1893 3268 mei
1914 3219 2103 3269 oblivio
2123 3225 2447 3282 sequeretur.

1703 3294 1776 3345 At
1797 3297 1841 3345 si
1865 3304 2136 3359 postquam
2165 3296 2340 3359 justus
2361 3294 2538 3357 hostis,
2554 3307 2700 3357 egre-

1640 3370 1734 3433 giis
1767 3369 2081 3419 facinoribus
2122 3369 2244 3418 auxi
2287 3368 2501 3432 gloriam
2538 3375 2702 3430 tuam,

1637 3444 1761 3495 mihi
1783 3447 1986 3495 veniam
2020 3461 2080 3497 ac
2113 3447 2329 3495 salutem
2364 3444 2704 3505 concesseris,

1640 3529 1888 3572 aeternum
1934 3523 2197 3585 exemplar
2251 3522 2543 3571 clementias
2595 3527 2701 3571 ωε

1636 3613 1740 3648 ero.
2678 3609 2682 3614 ·

1703 3673 1763 3723 Si
1777 3673 1942 3720 statim
1956 3673 2164 3736 dedita]
2197 3674 2287 3723 Nil
2307 3672 2377 3722 ibi
2395 3670 2700 3722 movendum

1637 3757 1795 3813 put03
1847 3756 1903 3798 et
1955 3749 2054 3802 sic'.
2076 3751 2262 3814 capio:
2311 3750 2353 3798 si
2397 3748 2574 3798 statim
2616 3763 2701 3798 me

1639 3826 1731 3874 tibi
1758 3824 2086 3889 dedidissem,
2120 3839 2288 3889 neque
2325 3838 2442 3873 mea
2476 3822 2704 3886 fortuna,

1636 3916 1805 3966 neque
1834 3908 1926 3950 tua
1959 3903 2122 3965 gloria
2154 3901 2484 3963 innotuisset,
2508 3908 2563 3951 et
2583 3915 2703 3965 sup-

1637 3975 1847 4038 plicium
1883 3976 1982 4025 mei
2013 3975 2202 4025 oblivio
2236 3983 2561 4039 sequeretur.
2626 3974 2709 4031 At

1638 4051 1682 4099 si
1714 4057 1990 4116 postquam
2025 4051 2113 4103 diu
2145 4050 2354 4103 fortiter
2386 4051 2631 4121 pugnavi,
2657 4052 2703 4101 si

1639 4135 1909 4194 postquam
1934 4137 2026 4179 tua
2036 4130 2281 4179 inclaruit
2301 4144 2397 4193 per
2412 4143 2577 4178 meam
2599 4128 2703 4178 vir·

1552 4211 1557 4219 ’
1642 4211 1809 4257 tutem
1826 4205 2011 4268 gloria,
2031 4212 2091 4257 tu
2106 4220 2190 4257 me
2203 4206 2512 4257 ineolumem
2528 4218 2701 4256 serva-
