3100 4925
523 373 722 443 ‘Q

547 529 1274 615 Centurio-Casperius
1299 534 1613 613 >praeerat
1703 527 1895 593 Nihil
1922 534 2060 597 tam
2084 527 2387 610 ignarum
2411 529 2740 609 barbarie,

513 640 528 661 “-
547 651 753 719 quam
785 630 1336 697 machinamentat
1361 637 1426 694 et
1472 633 1659 695 astus
1686 630 2279 712 oppugnationum:
2325 636 2396 694 at
2437 633 2631 698 nobis
2659 651 2745 695 ea

546 732 1004 817 pars-militiae
1035 731 1329 795 maxime
1349 750 1564 813 ,gnara
1590 735 1715 794 est.
1805 729 1913 793 Ita
1958 728 2747 813 Rhadamistus„frustra.

546 835 656 900 vel
686 853 838 898 cum
859 833 1102 896 damno
1132 832 1396 897 tentatis
1423 831 1920 906 munitionibuS,
1952 830 2285 893 obsidium
2330 831 2608 914 incipit:
2651 837 2741 908 et,

547 954 701 999 cum
742 935 870 998 vis-
892 933 1338 1014 negligeretur,
1368 932 1714 995 avaritiam
1758 928 2072 994 Praefecti
2126 935 2518 1008 emereatur,
2559 932 2771 1017 ohta--v

548 1041 763 1103 stante
832 1033 1176 1116 Casperio,
1236 1035 1257 1064 ‘
1300 1051 1381 1095 ne
1431 1033 1655 1096 socius
1714 1031 1922 1107 Remu
1978 1050 2060 1094 ne
2127 1030 2465 1107 Armenia,
2495 1033 2745 1098 donum

550 1136 798 1219 Populi
840 1134 1176 1212 Romani,
1198 1133 1442 1198 scelere
1494 1140 1562 1198 et
1602 1135 1890 1217 pecunia
1931 1134 2391 1198 verterentur.’⁴
2475 1134 2741 1199 Postre-

547 1257 680 1315 mo,
711 1237 873 1319 quia
914 1235 1390 1299 multitudinem
1437 1233 1729 1298 hostium
1772 1233 2020 1309 Pollio,
2057 1232 2261 1316 jussa
2302 1234 2515 1316 patris
2556 1233 2741 1297 Rha-

549 1337 866 1402 damistus
922 1335 1383 1411 obtendebant,
1439 1339 1678 1417 pactus
1733 1333 2040 1396 inducias
2097 1333 2420 1410 abscedit,
2467 1339 2562 1409 ut,
2610 1331 2742 1400 nisi

549 1436 1039 1500 Pharasmanen
1085 1436 1260 1500 bello
1310 1432 1959 1512 absterruisset,-T.⁵
1991 1431 2406 1496 Ummidium
2438 1431 2744 1510 Quadra·

1262 389 1332 438 Ο.
1369 388 1733 437 conflant
1779 386 2034 445 'ratum
2416 391 2602 457 [ΑΒ.
2624 398 2744 451 805„

550 1601 756 1650 cerutus-io
774 1605 998 1664 preerat.
1063 1600 1206 1650 Nihil
1220 1605 1319 1649 tam
1339 1600 1556 1662 ignotum
1576 1598 1805 1659 barbaris,
1823 1613 1962 1661 quam
1978 1596 2205 1646 machinoe
2217 1600 2262 1644 el
2277 1600 2405 1644 artes
2424 1593 2710 1642 obsidionum
2720 1608 2740 1651 ,-

549 1671 603 1717 at
620 1666 749 1714 uobis
767 1681 823 1713 ea
855 1680 969 1727 pars
995 1665 1069 1713 rei
1088 1665 1311 1713 militaris
1338 1665 1576 1727 proecipue
1605 1668 1717 1711 nola
1737 1668 1824 1711 est.
1889 1661 1975 1710 Sic
2013 1659 2350 1716 Rhadamistus
2386 1658 2635 1720 inutiliter,
2673 1658 2748 1706 vel

547 1744 655 1778 eun
672 1729 969 1789 detrimento,
1002 1728 1229 1778 lacessitis
1247 1728 1564 1786 munimentis,
1585 1726 1866 1775 obsidionem
1898 1725 2210 1787 aggreditur,-
2242 1728 2289 1771 et
2327 1737 2432 1771 cum
2450 1722 2523 1770 vis
2553 1735 2742 1784 sperne·

547 1797 700 1856 retur,
718 1793 1024 1855 cupiditatem
1050 1792 1266 1856 proefecti
1301 1792 1500 1853 pecunia
1521 1791 1732 1851 redimit,
1753 1791 1950 1838 multum
1970 1790 2242 1836 adversante
2268 1786 2492 1848 Casperio
2505 1800 2526 1842 ‚⁰
2557 1800 2624 1833 ne
2645 1798 2741 1835 rex

550 1856 765 1917 amicus,
784 1870 851 1905 ne
875 1856 1119 1905 Armenia
1138 1870 1320 1904 munus
1339 1855 1514 1919 populi
1531 1854 1766 1912 Romani,
1787 1854 1999 1903 crimine
2021 1860 2076 1900 et
2097 1851 2266 1914 pretio
2284 1849 2748 1919 ‘venumdarentura

550 1920 772 1983 Denique
805 1919 917 1982 quia
944 1921 1266 1982 praelexebaut
1296 1920 1537 1980 ingentem
1574 1933 1815 1967 numerum
1846 1918 2046 1966 hostium
2070 1915 2244 1977 Pollio,
2267 1920 2311 1962 et
2341 1915 2562 1962 mandata
2587 1912 2741 1975 patris

552 1983 905 2046 Rhadamislus,
926 1983 1081 2041 factis
1100 1983 1319 2046 induciis,
1339 1996 1460 2032 arce
1489 1982 1732 2042 egreditur
1754 1981 2022 2043 Centurio,
2043 1993 2107 2028 eo
2143 1978 2377 2040 consilio,
2395 1983 2451 2026 ut
2487 1976 2581 2026 uisi
2613 1974 2744 2025 Pha·

1462 2119 1817 2142 eeeeooeeeoee
1834 2150 1839 2155 .

547 2221 822 2284 inrumpunt
844 2219 1000 2269 alium
1023 2220 1331 2284 aggressuri.
1369 2218 1698 2283 Rumina—4
1730 2218 1816 2267 Sic
1849 2217 2101 2266 Ernestus
2125 2231 2189 2264 ex
2214 2216 2341 2266 Mss.
2368 2215 2505 2267 Bud.
2529 2221 2584 2266 et
2606 2214 2738 2279 Agr.

550 2285 732 2348 quibus
755 2282 1101 2347 suffragantur
1121 2286 1228 2335 Ms.
1253 2286 1393 2334 Flor.
1416 2290 1473 2332 et
1494 2282 1657 2332 editio
1678 2283 1940 2345 princeps,
1960 2281 2085 2330 licet
2107 2280 2245 2329 iniis
2276 2287 2524 2342 corrupte
2555 2285 2744 2330 uteren.

551 2356 650 2398 tur.
730 2349 1049 2398 Puteolanus
1082 2353 1142 2398 ut
1179 2355 1235 2397 et
1268 2350 1393 2397 Mss.
1427 2347 1576 2397 Harl.
1622 2347 1774 2397 Bodl.
1818 2346 1930 2396 Jes.
1962 2343 2140 2395 Guelf.
2175 2359 2300 2409 quos
2337 2343 2570 2419 sequitur
2608 2343 2746 2392 Gro-

548 2412 733 2464 novius
764 2422 820 2463 et
838 2433 846 2440 ·
864 2412 1122 2475 Ryckius,
1170 2414 1494 2466 venderentur.
1522 2410 1860 2465 ,Brotien-b
1895 2409 2119 2458 Brotier.
2175 2410 2233 2457 C.
2264 2409 2552 2459 Ummidium
2587 2408 2747 2468 Quod?

548 2482 724 2527 ratuni.
788 2477 1023 2526 Pessime
1040 2478 1143 2526 Ms.
1160 2478 1291 2539 Reg.
1310 2485 1367 2528 et
1387 2476 1547 2524 editio
1570 2474 1830 2537 princeps,
1853 2480 1956 2524 tum
1980 2474 2188 2521 Midium
2214 2473 2524 2528 Quadratum.
2577 2472 2742 2520 Pute-

551 2541 726 2590 olanus
748 2540 805 2592 Τ.
834 2540 1073 2590 Vinidium
1105 2540 1417 2594 Quadratum.
1485 2540 1618 2587 Mss.
1643 2538 1792 2587 Harl.
1817 2543 1873 2586 et
1893 2536 2047 2587 Bodl.
2086 2535 2348 2585 Ummium.
2412 2534 2521 2584 Alii
2554 2536 2740 2585 aliter:

1537 2658 1586 2708 N
1594 2659 1756 2709 01*AE
1830 2667 1833 2670 ’

505 2765 510 2771 ·
548 2756 615 2806 sd
632 2755 941 2806 Parthorum
957 2755 1251 2821 regem,cui
1268 2770 1441 2806 eoram
1461 2770 1602 2804 mau-
1750 2752 1978 2802 Centurio
2023 2751 2273 2815 Casperius
2298 2752 2528 2815 praeerat]
2581 2750 2740 2816 Puto,

549 2831 674 2881 data
708 2830 954 2881 ferociter
993 2831 1176 2881 edidit.
1244 2831 1339 2879 Vir
1362 2831 1456 2883 ille
1478 2843 1601 2878 acer
1680 2829 1870 2877 milites
1911 2828 1986 2876 illi
2039 2828 2251 2876 cohortes
2286 2828 2594 2878 auxiliarium
2628 2827 2740 2876 fue·

548 2907 698 2970 bem,
728 2908 1016 2971 disciplinae
1053 2914 1109 2957 et
1150 2907 1351 2955 decoris
1385 2911 1600 2957 exactor
1683 2911 1822 2965 runt,
1857 2905 2037 2953 saltem
2075 2917 2257 2965 magna
2296 2917 2361 2952 ex
2402 2899 2584 2967 parte3
2617 2902 2743 2953 hinc

549 2981 915 3031 severissimus.
1681 2979 1850 3027 Pollio
1873 2978 2064 3028 dicitur
2079 2977 2351 3041 praesectus,
2372 2993 2474 3027 non
2495 2976 2712 3028 tribunus
2723 2993 2744 3036 ,⁶

611 3062 631 3087 ⁸
666 3056 938 3118 Casperius]
982 3054 1220 3104 Fortasse
1239 3055 1518 3119 'legendum
1539 3057 1598 3104 C.
1682 3061 1738 3103 at
1781 3054 2056 3118 Casperius
2093 3054 2303 3102 centurio
2348 3060 2582 3115 vocatur,
2620 3053 2742 3118 quia

547 3129 778 3192 Asperius
810 3143 902 3192 pro
942 3144 1005 3178 eo
1027 3130 1167 3193 qnod
1200 3130 1355 3193 vulgo
1393 3130 1603 3192 legitur,

550 3204 818 3266 Casperius.
871 3205 1101 3254 Ursinus.
1169 3205 1410 3253 Forsitan
1453 3211 1605 3268 pater

511 3279 524 3288 “
546 3278 735 3329 AEliani
772 3279 1025 3343 Casperii,
1056 3279 1144 3343 qui
1168 3278 1448 3343 praefectus
1472 3295 1603 3343 prae-

546 3353 680 3411 torio
698 3352 796 3402 sub
815 3355 1010 3413 Nerva,
1042 3353 1108 3403 de
1144 3369 1245 3418 quo
1282 3354 1602 3417 xiphilinus.

543 3428 783 3484 Aurelius.
1119 3455 1122 3458 ·

613 3503 885 3566 Casperius]
938 3503 1023 3553 Sic
1066 3504 1221 3553 etiam
1260 3509 1477 3553 vocatur
1512 3504 1601 3552 ille

547 3577 683 3629 idem
718 3580 809 3629 lib.
853 3592 947 3629 xv.
992 3586 1050 3628 et
1091 3579 1181 3627 lib.
1228 3579 1349 3627 hist.
1392 3592 1478 3627 111.
1514 3583 1597 3627 ¹73.

547 3653 798 3715 Casperius
836 3654 1013 3715 Niger.-
1056 3666 1213 3717 qrrare
1245 3652 1373 3700 nibil
1403 3658 1601 3700 multan-

543 3726 666 3776 dum
688 3743 890 3778 censeo.
1030 3747 1033 3754 ·

611 3793 879 3865 Casperius]
929 3802 1033 3851 Alii
1055 3803 1235 3865 legunt
1259 3804 1324 3853 .C.
1340 3803 1598 3866 Asperius:

542 3875 657 3937 sed,
679 3884 823 3938 puto,
854 3877 1184 3926 centuriones
1209 3878 1359 3927 unico
1393 3878 1596 3930 nomine

543 3951 621 4000 sic
642 3951 908 4014 appellati.
972 3952 1060 4000 Sic
1079 3951 1215 4001 infra
1236 3965 1362 4002 xm.
1385 3957 1434 4002 9.
1454 3957 1470 3980 ‘
1491 3953 1596 4003 Ac-

542 4025 786 4089 cepitque
823 4025 938 4076 eos’
981 4025 1212 4091 (obsides
1259 4015 1594 4092 Parthorum)

540 4099 555 4126 ‘
580 4101 818 4150 centurio
853 4101 1134 4152 Histeius:'
1177 4104 1331 4154 aliter
1364 4103 1596 4163 Tribuni,

542 4174 632 4242 qui
654 4175 936 4231 nobiliores,
949 4184 1118 4230 erant.

1680 3129 1942 3194 auxiliares
1973 3129 2130 3177 etiam
2170 3143 2287 3177 suos
2327 3129 2619 3178 centuriones
2653 3129 2740 3176 ha·

1683 3204 1874 3266 bnere;
1897 3212 1952 3253 et
1988 3205 2160 3254 Pollio
2195 3218 2295 3252 non
2331 3201 2609 3267 praefectus
2629 3217 2741 3251 cas·

1682 3281 1807 3330 tello
1852 3280 2089 3342 praecise,
2130 3278 2219 3328 sed
2260 3284 2461 3339 tantum
2496 3275 2739 3340 praesidio

1682 3356 1934 3405 militum:
1968 3369 2083 3403 nam
2108 3353 2375 3403 castellum
2399 3352 2536 3413 regis
2575 3353 2738 3415 ipsius

1680 3429 1798 3490 fuit,
1817 3437 1873 3480 et
1905 3415 2130 3494 praesens
2173 3427 2309 3475 haud
2343 3425 2499 3476 dubie
2533 3425 2640 3475 arci
2661 3427 2738 3476 illi

1680 3520 1907 3570 praeesse
1932 3504 2130 3553 debuit.

1745 3582 1760 3612 ⁸
1780 3580 1920 3629 Nihil
1949 3583 2050 3625 tam
2076 3578 2297 3638 ignarum
2330 3574 2563 3636 barbaris,
2597 3591 2738 3638 quam

1678 3650 2073 3712 machinamenta]
2115 3651 2312 3698 Seneca
2340 3647 2407 3697 de
2443 3650 2549 3698 vita
2584 3647 2740 3700 beata

1679 3742 1795 3790 cap.
1835 3730 1916 3773 26.
1954 3727 1969 3753 ‘
2004 3725 2152 3773 Sicut
2196 3722 2399 3772 barbari
2431 3724 2736 3787 pleru'mque

1675 3800 1876 3862 inclusi,
1905 3805 1962 3848 et
2008 3799 2173 3863 ignari
2213 3799 2581 3860 machinarum,
2627 3812 2740 3860 seg·

1677 3890 1768 3924 nes
1809 3874 2040 3924 laborem
2078 3872 2418 3922 obsidentium
2467 3874 2740 3936 spectant?

1678 3950 1908 4004 Picum.

1740 4033 1763 4059 ⁸
1796 4027 1874 4075 Ne
1887 4026 2038 4073 socius
2064 4023 2196 4086 Rex]
2243 4025 2388 4076 Quos
2413 4022 2569 4072 semel
2604 4037 2738 4083 reges

1678 4106 1733 4150 et
1745 4101 1893 4154 socios
1913 4089 2307 4165 appellaverant
2324 4098 2560 4159 Romani,
2576 4098 2730 4146 etiam

1678 4175 1979 4237 tuebantur,
1999 4181 2056 4224 et
2089 4178 2142 4224 ul
2174 4179 2338 4239 partes
2368 4173 2556 4237 imperii
2593 4171 2731 4223 fove-
