3100 4925
490 365 546 428 s.
567 372 629 426 c.
651 373 760 439 η]

1189 365 1601 417 ᾸΝΝΑΙᾸΠΜ
1649 364 1794 417 mn.
1839 365 1984 416 xlt.

2524 350 2700 441 12⁵3

1488 546 1710 601 Now

492 717 574 781 git
590 732 655 767 ex
675 717 888 768 arbitrio
920 717 1137 768 Hearici
1154 717 1347 767 valesii
1368 723 1424 767 et
1447 731 1559 780 suo,

491 809 781 860 perperam.

1635 713 1928 779 fratresque
1950 712 2114 778 ipsius
2157 710 2528 781 interfecisset,
2549 726 2695 776 para-

1634 798 1718 840 tus
1743 796 1800 840 et
1822 806 1938 840 eum
1951 788 2265 853 interficere,
2284 789 2383 839 uisi
2402 790 2545 838 illum
2556 790 2697 840 inter

560 873 760 922 Nititur
799 873 956 923 etiam
1002 873 1117 922 loco
1168 870 1478 924 Quintiliani
1521 886 1555 920 a
1632 867 1865 916 subsidia
1902 867 2110 932 imperii
2146 866 2433 930 habuisset,
2475 867 2694 918 subdole

491 961 574 999 me
596 949 755 998 allato
791 963 966 1011 supra,
989 949 1076 998 ubi
1099 949 1256 998 etiam
1271 964 1359 1011 pro
1379 949 1551 996 duode-

490 1024 642 1073 decim
665 1024 904 1073 rescribit
926 1027 1101 1075 decem.

491 1144 498 1150 .
553 1099 656 1161 Sed
704 1105 850 1150 certe
896 1114 961 1149 ex
1016 1100 1095 1148 his
1139 1099 1550 1149 correctionibus

490 1176 633 1239 vagis
655 1181 710 1224 et
741 1176 972 1240 incertis,
1011 1187 1074 1225 ea
1107 1190 1222 1240 quae
1255 1173 1550 1224 inferuntur

487 1252 650 1315 magis
691 1252 857 1301 adhuc
903 1252 1102 1300 incerta
1140 1257 1291 1300 suut:
1328 1258 1383 1298 et
1425 1265 1548 1298 cum

488 1332 573 1376 tot
594 1332 836 1376 auctores
877 1326 951 1375 sic
973 1327 1086 1391 pari
1118 1341 1370 1376 consensu
1406 1326 1547 1375 idem

490 1402 724 1464 tradunt,
762 1403 919 1452 nimia
940 1403 1156 1452 audacia
1180 1401 1267 1464 sit,
1307 1402 1418 1450 illos
1442 1402 1546 1449 vio-

486 1478 643 1527 lasse.
709 1478 893 1542 ltaque
924 1478 1096 1528 media
1118 1479 1203 1526 via
1221 1479 1340 1527 iniri
1363 1479 1546 1540 possit,

483 1560 548 1617 nt
571 1561 746 1619 togam
769 1555 966 1604 virilem
1004 1562 1270 1604 sumerent
1286 1570 1417 1605 anno
1443 1559 1546 1616 15„

483 1642 583 1678 nec
607 1629 694 1678 alii
713 1630 853 1678 ultra
872 1643 1098 1693 coeptum
1119 1645 1309 1680 annum
1333 1634 1413 1681 lo.
1446 1628 1550 1679 dif-

484 1703 701 1755 ferrent.

551 1780 655 1833 Qui
677 1781 814 1830 ultra
839 1785 938 1844 16„
979 1796 1139 1845 usque
1162 1780 1228 1830 ad
1247 1785 1326 1830 17.
1344 1787 1432 1830 aut
1462 1784 1546 1830 18.

484 1869 674 1905 annum
696 1863 998 1919 excurrunt,
1013 1857 1215 1921 longius
1239 1870 1347 1905 rem
1364 1862 1545 1905 exten-

482 1930 633 1994 dunt,
664 1946 761 1981 nec
783 1931 896 1981 ullis
917 1932 1188 1996 exemplis,
1206 1938 1300 1981 aut
1322 1945 1544 1981 momen-

484 2007 551 2056 tis
588 2006 715 2056 satis
750 2006 910 2057 firmis
951 2007 1204 2071 nituntur,
1224 2008 1411 2056 saltem
1448 2020 1543 2071 pro

481 2096 681 2195 mactae
725 2146 790 2196 de
826 2152 1005 2197 vetere
1037 2147 1241 2211 Repub.
1309 2146 1384 2195 At
1424 2161 1544 2195 mox

474 2220 578 2288 ‚sub
623 2220 961 2285 principibus,
998 2220 1204 2271 firmato
1228 2220 1343 2284 jam
1381 2220 1542 2283 impe-

482 2297 579 2360 rio,
616 2296 768 2346 modo
805 2297 1023 2347 celerius
1057 2297 1209 2345 modo
1232 2296 1429 2345 tardius
1470 2297 1541 2344 υἰ-

477 2373 585 2422 rilis
595 2378 712 2434 toga
726 2372 946 2421 dabatur
960 2372 1134 2422 liberis
1153 2372 1538 2422 dominantium.

480 2449 586 2512 Sic,
618 2454 763 2515 puto,
797 2449 918 2498 olim
959 2449 1055 2500 sub
1093 2448 1338 2524 Augusto
1380 2455 1540 2499 matu-

481 2532 596 2575 rata
616 2526 707 2574 illa
730 2526 888 2574 vestis
909 2524 1034 2574 Caio
1058 2532 1112 2575 et
1157 2525 1319 2575 Lucio
1367 2524 1538 2574 Caesa·

479 2600 644 2665 ribus,
662 2607 721 2649 ut
749 2600 866 2649 filiis
889 2600 1111 2666 Augusti
1134 2601 1411 2666 adoptivis,
1433 2618 1536 2667 quo

479 2675 728 2741 promtius
751 2677 954 2740 reipub.
991 2677 1405 2727 admoverentur.

541 2751 613 2801 Et
636 2757 817 2801 contra
834 2752 1113 2803 Postumus
1158 2751 1395 2816 Agrippa
1434 2751 1537 2803 fra-

479 2832 563 2877 ter
582 2827 787 2877 illorum
809 2828 1018 2877 dilatus.
1074 2828 1245 2877 Natus
1268 2835 1379 2877 erat
1403 2844 1537 2878 anno

477 2903 615 2953 urbis
637 2909 771 2968 ⁷42„
789 2912 846 2955 et
868 2901 1002 2954 anno
1017 2909 1133 2955 758.
1168 2912 1288 2969 toga
1313 2907 1472 2955 virilis
1489 2907 1536 2955 ei

477 2978 601 3030 dats
633 2979 756 3043 fuit,
802 2981 909 3030 Dio
951 2981 1100 3030 testis
1143 2982 1179 3031 l.
1204 2995 1292 3031 ιν.
1348 2997 1536 3047 nempe

469 3066 664 3109 exacto
688 3057 801 3109 fere
834 3074 967 3110 anno
990 3063 1070 3110 16.
1124 3061 1363 3110 stolidum
1385 3062 1536 3124 juve·

477 3147 596 3182 nem
643 3134 878 3204 ‚detinuit
933 3131 1219 3196 Augustus,
1250 3137 1536 3199 prudenter

477 3223 619 3274 sane,
637 3216 695 3259 at
715 3208 1019 3259 infeliciter.

540 3285 627 3336 Sic
658 3292 716 3335 et
755 3285 910 3335 Caius
956 3282 1193 3348 Caligula
1230 3291 1381 3333 natus
1420 3292 1534 3336 erat

471 3375 609 3412 anno
649 3362 790 3412 urbis
816 3366 965 3422 765.;
1000 3367 1058 3410 at
1072 3365 1392 3424 proetextatus
1428 3362 1535 3411 lau-

469 3436 623 3488 davit
646 3438 866 3500 Liviam,
909 3453 1026 3503 quae
1071 3437 1203 3487 obiit
1243 3451 1376 3486 anno
1419 3443 1532 3488 782.

386 3511 393 3520 ’
471 3512 661 3579 Itaque
703 3529 836 3564 anno
875 3514 1047 3563 aetatis
1092 3519 1171 3562 17.
1225 3522 1536 3577 praetextam

474 3588 642 3639 adhuc
662 3590 920 3654 gestabat,
962 3596 1016 3639 et
1039 3590 1220 3640 sumsit
1243 3591 1438 3640 virilem
1461 3599 1536 3641 to-

474 3680 593 3729 gam
618 3673 819 3716 tantum
844 3671 922 3716 19.
946 3668 1116 3716 aetatis
1140 3680 1294 3717 anno.
1323 3655 1535 3720 Sueton.

475 3743 493 3770 ⁸
519 3742 793 3796 Vicesimo'
855 3742 991 3808 (alii,
1022 3744 1386 3806 undevicesimo)
1437 3746 1453 3773 ‘
1471 3761 1537 3795 ae·

463 3819 600 3879 ⁸tatis
633 3833 765 3868 anuo
787 3820 983 3869 accitus
1017 3820 1240 3884 Capreas
1264 3837 1295 3870 a
1310 3822 1534 3885 Tiberio,

477 3906 578 3941 uno
620 3901 779 3958 atque
817 3896 999 3945 eodem
1023 3894 1107 3945 die
1140 3903 1313 3961 togam
1352 3899 1536 3948 sumsit

463 3959 795 4035 'barbamque
819 3970 1027 4033 posuit.’
1203 4011 1218 4022 .

467 4095 474 4101 ,
540 4045 625 4095 Sic
648 4060 765 4095 eum
791 4047 1088 4097 removebat
1108 4061 1137 4096 a
1160 4046 1344 4112 repub.
1380 4048 1535 4098 Tibe-

477 4117 583 4170 rius
621 4136 778 4171 senex
817 4124 1077 4187 suspicax,
1109 4130 1271 4188 metu,
1303 4125 1439 4189 odio,
1480 4130 1537 4173 et

473 4197 823 4262 aemuhtioue,
845 4205 904 4248 ut
925 4199 1014 4263 qui
1038 4205 1261 4265 patrem,
1297 4208 1536 4266 matrem,

1629 952 1685 993 et
1727 946 1984 995 malevole
2042 951 2250 994 tamen:
2296 945 2452 1009 idque
2506 947 2696 995 meruit

1630 1021 1805 1083 Caius,
1841 1021 1994 1085 cujus
2054 1026 2230 1071 notum
2287 1020 2396 1070 seui
2431 1020 2694 1086 ingenium

1629 1112 1861 1161 pravum.

1693 1175 1888 1239 Nostro
1938 1174 2039 1222 hoc
2081 1173 2247 1227 Taciti
2303 1174 2437 1234 loco,
2490 1174 2692 1224 Neroni

1625 1256 1913 1303 maturatur
1932 1256 2048 1313 toga
2068 1251 2252 1300 uirilis:
2289 1258 2441 1301 natus
2474 1259 2590 1302 erat
2607 1266 2693 1300 an·

1624 1340 1691 1375 no
1712 1331 1827 1376 790.
1866 1327 1952 1376 die
1976 1332 2056 1377 1⁰.
2129 1326 2457 1389 Decembris,
2476 1333 2535 1377 et
2556 1333 2692 1378 teste

1622 1402 1752 1449 Tac.
1775 1402 1879 1463 hic,
1901 1401 2057 1450 uirilis
2077 1407 2193 1464 toga
2215 1401 2395 1451 Neroni
2425 1406 2686 1464 marma,

1621 1475 1699 1526 Ti.
1724 1477 1941 1528 Claudio
1985 1492 2038 1528 v,
2080 1479 2193 1528 Ser.
2229 1477 2471 1529 Cornelio
2515 1475 2688 1527 Orfito

1623 1553 1764 1600 Coss.
1809 1567 1942 1601 anno
1981 1553 2124 1603 urbis
2146 1556 2298 1602 804.:
2333 1552 2512 1615 sicque
2536 1551 2695 1615 Nero·

1621 1627 1708 1676 vix
1741 1643 1929 1678 annum
1974 1633 2054 1679 14.
2090 1628 2261 1677 aetatis
2293 1627 2501 1691 inierat,
2559 1641 2679 1677 cum

1624 1709 1798 1768 togam
1824 1705 2024 1754 virilem
2047 1704 2232 1753 induit.

1680 1780 1770 1833 Sic
1816 1780 2129 1829 Commodus
2168 1785 2224 1829 et
2265 1777 2353 1828 alii
2385 1776 2687 1841 imperitan-

1620 1854 1752 1903 tium
1772 1855 1867 1903 filii
1906 1855 2157 1918 promtius
2176 1854 2393 1919 imperio
2426 1854 2683 1919 rebusque

1618 1929 1832 1980 admoti.
1856 1930 2167 1980 Commodus
2189 1935 2311 1979 ante
2335 1929 2464 1978 duos
2480 1943 2684 1981 menses

1618 2020 1771 2070 quam
1795 2011 1874 2057 14.
1908 2021 2096 2057 anuum
2115 2006 2376 2070 impleret,
2397 2010 2568 2069 togam
2591 2020 2686 2070 pn-

1618 2095 1726 2130 ram
1748 2081 1948 2132 sumsit.

1682 2157 1869 2206 Patres
1906 2171 1969 2205 eo
2010 2155 2095 2205 die
2148 2154 2282 2205 filios
2326 2170 2445 2206 suos
2488 2155 2683 2207 tirones

1617 2232 2051 2283 commendabant
2089 2233 2226 2295 Diis,
2269 2240 2326 2282 et
2367 2234 2524 2283 etiam
2558 2231 2684 2283 fidei

1614 2308 1943 2371 Senatorum,
1981 2307 2122 2357 forte
2160 2316 2216 2356 et
2255 2309 2468 2372 populo.
2510 2309 2684 2358 Livius

1615 2384 1649 2433 1.
1674 2397 1729 2432 v.
1763 2385 1778 2411 ⁴
1798 2383 1984 2432 Filium
2029 2389 2298 2446 postremo
2343 2382 2684 2433 Nicomedem

1611 2459 1826 2511 Senatui
1882 2457 2302 2509 commendavit!
2369 2459 2528 2509 Forte
2581 2461 2682 2511 hue

1612 2537 1847 2600 respexit
1868 2537 2079 2585 Sueton.
2104 2533 2241 2599 Aug.
2263 2540 2346 2585 56.
2373 2536 2388 2563 ‘
2405 2536 2683 2600 Nunquam

1611 2609 1748 2668 filios
1792 2626 1911 2661 suos
1955 2612 2148 2675 populo
2189 2612 2586 2676 commendavit,
2622 2618 2682 2662 ut

1564 2703 1567 2706 ·
1612 2701 1713 2736 nou
1737 2687 2010 2750 adjiceret,
2030 2687 2088 2735 Si
2111 2686 2483 2736 merebuntur.’

1678 2762 1911 2827 Ideoque
1948 2776 2010 2811 eo
2052 2761 2156 2824 die,
2188 2776 2290 2826 quo
2312 2762 2554 2826 juvenes,
2590 2777 2680 2826 po·

1610 2837 1711 2887 sita
1734 2844 2012 2901 praetexta,
2034 2843 2208 2901 togam
2227 2829 2411 2900 puram
2433 2850 2523 2885 seu
2556 2837 2679 2887 viri-

1611 2915 1714 2986 lem
1734 2915 1947 2964 iuduere
1970 2914 2250 2978 debebant,
2273 2915 2416 2979 prius
2459 2914 2680 2966 deduce-

1613 2991 1801 3041 bantur
1822 2991 1877 3039 in
1916 2990 2107 3053 forum,
2129 2996 2185 3039 et
2225 2989 2345 3038 inde
2383 2988 2437 3038 in
2469 2988 2679 3053 Capito—

1610 3066 1755 3127 lium,
1768 3066 1890 3118 Jovi
1903 3065 2215 3116 sacrificium
2229 3063 2438 3115 facturi.
2470 3064 2676 3115 Plutar-

1609 3144 1661 3191 iu
1709 3144 1904 3192 Bruto:
1938 3144 1953 3170 ‘
1979 3141 2084 3191 Alii
2126 3143 2307 3192 Cassio
2350 3141 2675 3205 congregati,

1608 3219 1723 3281 ejus
1767 3217 1953 3280 filium,
1975 3218 2065 3281 qui
2110 3224 2234 3266 tunc
2281 3217 2481 3266 virilem
2504 3225 2676 3282 togam

1607 3293 1865 3354 sumebat,
1884 3292 2214 3342 deducebant
2229 3292 2284 3342 in
2302 3291 2507 3344 forum!

1677 3369 1796 3418 Nic.
1827 3369 2182 3418 Damasceuus
2205 3369 2258 3418 in
2292 3370 2559 3432 excerptis
2575 3370 2677 3419 Va·

1610 3444 1721 3492 lesii
1739 3442 1806 3492 de
1843 3442 2115 3504 Augusto:
2151 3444 2314 3493 ‘Inde
2336 3457 2493 3493 annos
2531 3443 2679 3495 circi—

1614 3528 1694 3568 ter
1738 3525 1819 3569 16.
1874 3527 2027 3570 natus
2066 3518 2119 3567 in
2169 3518 2339 3569 forum
2384 3519 2674 3585 descendit,

1610 3596 1776 3660 posita
1802 3602 2076 3659 praetexta,
2119 3600 2287 3657 togam
2313 3596 2677 3660 puram-indu-

1610 3679 1711 3732 tus,
1734 3672 1872 3736 quod
1891 3672 2048 3721 virilis
2074 3671 2302 3721 tirocinii
2317 3679 2676 3735 argumentum

1609 3757 1718 3810 θεῖς
1753 3749 2079 3813 omniumque
2102 3748 2291 3798 civium
2313 3748 2473 3798 oculis
2486 3748 2539 3798 in
2557 3762 2673 3798 eum

1608 3824 1809 3889 defixis,
1844 3839 1961 3874 cum
1984 3825 2051 3873 ob
2096 3821 2440 3886 nobilitatem,
2462 3830 2569 3872 tum
2605 3822 2672 3873 ob

1609 3901 1870 3965 egregiam
1895 3900 2241 3949 adolescentis
2265 3900 2531 3962 virtutem,
2552 3898 2674 3949 Diis

1609 3977 1940 4040 sacrificavit,
1980 3977 2104 4027 etin
2144 3978 2420 4043 collegium
2454 3974 2672 4028 Pontifi-

1609 4068 1725 4103 cum
1748 4054 2008 4120 ascriptus
2029 4052 2144 4117 est,’
2159 4056 2256 4103 ὅτε.
2660 4093 2673 4108 .

1673 4131 1946 4192 Praetexta,
1992 4134 2119 4193 toga
2154 4126 2374 4178 candida
2415 4124 2669 4191 totafuit,

1604 4212 1803 4271 praeter
1823 4204 2058 4269 limbum,
2081 4218 2171 4255 seu
2189 4210 2476 4255 extremam
2509 4214 2669 4267 oram,
