3100 4925
1263 228 1288 235 ο

347 420 440 476 ni..
453 422 516 473 C.
535 422 671 485 ποθι

1057 413 1475 466 strumum
1524 373 1671 464 ms,
1712 413 1893 464 xm.

2502 607 2509 618 ‘
2532 607 2543 630 3

1379 667 1597 722 ΝΟΤῘΕ

352 877 357 883 Δ
399 809 405 817 ’
452 818 657 883 Insechi]
710 793 865 869 Forte
920 818 1096 880 Isauri,
1142 815 1205 866 de
1252 815 1460 880 quibus'

340 885 345 892 ‘
382 894 614 946 wesen.
636 895 926 957 Ponio‚2⁵.
966 895 983 924 ⁴
1008 896 1133 944 Post
1154 892 1439 943 Trebellia-

383 986 505 1034 num
527 986 640 1035 rpro
677 970 911 1022 barbaris
946 971 1222 1034 habentur,
1245 974 1438 1018 etcum

382 1048 647 1106 immedio
690 1049 837 1096 Rom.
876 1046 1091 1096 nominis
1137 1047 1243 1095 solo
1291 1046 1437 1110 regio

383 1137 558 1184 eorum
581 1122 669 1184 sit,
707 1135 838 1170 novo
862 1136 1049 1185 genere
1073 1117 1438 1181 custodiarum,

384 1200 530 1261 quasi
550 1199 698 1247 limes
714 1215 728 1257 ;
763 1211 865 1247 non
882 1190 1095 1247 'virtute
1119 1192 1318 1260 graves,
1335 1210 1438 1244 non

382 1275 604 1326 consiliis
645 1274 943 1337 prudentes,
974 1275 1066 1324 sesi
1101 1274 1197 1323 hoc
1231 1274 1341 1323 solo
1364 1286 1442 1321 se·

382 1351 511 1412 curi,
547 1352 682 1416 quod
722 1352 775 1399 in
811 1350 966 1400 editis
1000 1350 1155 1414 positi
1189 1350 1318 1399 adiri
1353 1364 1440 1399 ne-

382 1431 603 1492 queunt:
630 1442 756 1491 quos
778 1425 984 1491 quidem
1008 1425 1171 1473 Divus
1196 1425 1439 1473 Claudius

384 1502 638 1570 paenead
669 1502 764 1551 hoc
804 1501 1136 1564 perduxerat,
1174 1506 1233 1549 ut
1266 1515 1297 1549 a
1333 1499 1438 1548 suis

384 1584 607 1631 semotos
640 1579 785 1638 locis,
822 1577 875 1626 in
917 1576 1101 1630 Cilicia
1139 1577 1440 1637 collocaret,

384 1655 598 1704 daturus
637 1655 723 1702 nni
768 1669 833 1703 ex
876 1653 1195 1702 amicissimis
1240 1666 1441 1701 omnem

1582 814 1659 864 Ut
1689 814 1894 878 reponit
1919 813 2137 879 Lipsius,
2158 813 2238 865 bis
2276 815 2411 866 idem
2438 814 2575 869 dice-

1516 896 1600 939 ret
1633 890 1760 941 Tac.
1795 891 2008 940 Primum
2043 891 2189 941 illecti
2222 881 2429 954 hiscem,
2466 900 2583 944 tum

1517 982 1613 1031 per
1630 968 1930 1020 societatem
1956 982 2211 1020 armorum
2232 968 2410 1018 illecta
2425 982 2581 1034 gens,

1520 1059 1636 1107 quae
1658 1046 1785 1093 haud
1805 1045 1927 1093 alias
1956 1046 2080 1093 socia
2119 1059 2222 1094 non
2261 1053 2400 1094 erat:
2435 1052 2580 1115 certe

1517 1120 1606 1169 illa
1629 1120 1812 1168 ultima
1834 1121 1990 1170 verba
2012 1113 2448 1185 prorsusin'utilia,
2465 1115 2584 1186 pei·-

1519 1196 1639 1244 inde
1675 1209 1736 1244 ac
1766 1196 1819 1244 -si
1852 1197 2144 1259 scripsisset
2186 1197 2415 1261 Tacitus,
2448 1204 2576 1247 tunc

1518 1271 1725 1321 Insechi
1779 1287 1904 1336 gens
1946 1273 2086 1323 socia
2127 1271 2270 1323 facta
2315 1273 2582 1337 Romanis,

1518 1347 1652 1395 haud
1672 1347 1796 1396 alias
1812 1348 1951 1398 socia
1975 1350 2236 1399 Romanis.
2422 1339 2427 1346 ’

1586 1423 1659 1472 At
1680 1423 1851 1486 parcit
1871 1424 2039 1473 verbis
2064 1423 2305 1488 Tacitus,
2322 1438 2421 1474 nec
2439 1424 2579 1475 idem

1519 1497 1601 1547 bis
1623 1498 1835 1562 repetit.
1885 1500 2029 1550 Puto
2061 1501 2194 1550 hunc
2225 1516 2340 1551 esse
2373 1515 2580 1552 sensum

1519 1573 1638 1624 loci.
1705 1575 1909 1638 Insecln‘,
1927 1591 2046 1637 gens
2064 1582 2175 1626 ante
2201 1579 2316 1626 olim
2333 1577 2459 1628 socia
2482 1579 2581 1629 Ro-

1521 1653 1692 1713 manis,
1721 1654 1832 1699 tunc
1867 1652 2075 1714 primum
2120 1653 2299 1714 illecta,
2345 1659 2400 1702 ut
2438 1659 2579 1703 extra

381 1731 677 1780 Isaurorum
695 1729 1157 1795 possessionem,ne
1167 1729 1291 1794 quid
1306 1736 1442 1791 post·
1505 1726 1639 1790 fines
1654 1742 1786 1775 arma
1817 1727 2019 1786 inferret
2039 1733 2087 1777 et
2107 1729 2217 1777 avia
2238 1729 2478 1779 Armenia·
2503 1730 2580 1777 in·

384 1820 449 1855 ea
466 1822 527 1855 ex
542 1820 605 1855 ea
620 1805 912 1854 rebellionis
929 1804 1188 1855 oriretur?
1234 1805 1439 1869 Nempe

384 1879 486 1929 fuit
508 1881 720 1930 daturus
748 1881 902 1930 alicui
924 1881 1032 1943 regi
1067 1897 1156 1930 seu
1190 1881 1440 1944 dynastae,

383 1971 488 2006 non
525 1958 755 2006 Romano
800 1956 935 2006 duci.
987 1959 1056 2006 Et
1093 1958 1230 2007 Plin.
1268 1970 1321 2007 v,
1356 1961 1437 2022 2⁰,-

381 2033 397 2057 ‘
420 2031 614 2082 Ciliciae
637 2032 975 2096 Pamphiliam
999 2046 1173 2082 omnes
1190 2031 1437 2095 junxere,

382 2109 624 2170 neglecta
646 2115 805 2172 gente
826 2108 1092 2158 Isaurica!

403 2227 407 2236 .
448 2185 707 2246 Neglecta
733 2183 879 2233 valde
919 2198 982 2233 ca
1015 2198 1155 2246 gens,
1176 2198 1325 2248 qnam
1356 2184 1441 2232 da-

382 2259 473 2308 bat
493 2258 786 2321 Imperator
824 2259 1010 2320 amico,
1030 2266 1085 2308 et
1109 2275 1224 2323 quae
1261 2266 1440 2322 spreta

379 2347 412 2383 a
456 2334 810 2398 scriptoribus.
897 2335 995 2385 His
1047 2343 1218 2384 tamen
1274 2339 1439 2398 utitur

379 2402 608 2463 Corbulo
624 2412 688 2462 ad
707 2411 822 2462 avia
836 2409 1092 2461 Armeniae
1112 2411 1414 2461 incur-sanda
1424 2429 1437 2473 5

383 2504 446 2549 eo
470 2490 605 2555 quod
642 2490 694 2539 in
730 2488 985 2538 montibus
1009 2486 1117 2536 nati
1140 2495 1210 2549 et·
1230 2487 1438 2545 assueti,

381 2565 756 2615 incursionibus
800 2564 959 2628 magis
1001 2562 1112 2626 apti
1161 2570 1216 2612 et
1263 2563 1435 2611 idonei

382 2650 574 2693 essent.
655 2642 843 2703 Locus,
890 2642 1056 2705 regio,
1086 2648 1143 2691 et
1175 2641 1434 2704 ingenium

383 2720 553 2783 gentis
600 2720 724 2769 satis
770 2720 1024 2783 congruit,
1076 2724 1135 2766 ut
1175 2718 1263 2782 qui
1319 2732 1438 2779 pars

385 2795 583 2846 cmc-iae
627 2802 834 2856 essent;
887 2796 1080 2860 quippe
1133 2794 1282 2842 multi
1331 2793 1437 2841 illic

326 2919 334 2927 ,
383 2878 603 2932 montes,
622 2886 721 2920 nec
745 2873 925 2934 procul
948 2870 1012 2920 ab
1041 2869 1293 2919 Armenia.

449 2948 634 2996 Iusechi
649 2963 769 3008 gens
782 2952 892 2995 ante
907 2948 1026 2995 alias
1040 2947 1167 2994 socia
1189 2943 1437 3006 Romanis]

385 3024 611 3076 Quidam
635 3030 822 3085 putant
841 3023 1071 3084 Tacitum
1094 3021 1177 3071 bic
1199 3022 1297 3070 sibi
1320 3037 1439 3070 con·

386 3099 665 3166 trazlicere.
730 3099 834 3147 Sed
858 3098 1030 3161 potuit
1062 3098 1152 3146 illa
1186 3103 1441 3159 geusaute

371 3178 523 3237 alias,
546 3189 632 3224 seu
658 3174 796 3236 olim,
817 3174 1072 3237 pepigisse
1094 3172 1258 3222 foedus
1279 3181 1335 3239 et
1359 3189 1438 3223 so·

383 3252 627 3303 cietatem
667 3266 785 3300 crim
827 3250 1090 3309 Romanis,
1130 3264 1228 3298 non
1267 3257 1440 3299 tamen

382 3334 666 3396 propterea
699 3328 963 3390 bucusque
1007 3325 1151 3387 illici,
1192 3331 1250 3374 ut
1288 3334 1438 3375 extra

381 3404 512 3455 fines
533 3418 649 3450 snos
669 3403 932 3451 militaret.
1237 3452 1245 3457 ‚

447 3480 634 3531 Potuit
671 3480 755 3528 illa
781 3479 1084 3542 propulsare
1114 3477 1285 3527 hostes
1320 3492 1438 3527 suos

382 3564 440 3607 ct
477 3557 826 3606 Romanorum
864 3570 929 3605 ex
966 3554 1154 3604 finibus
1187 3556 1310 3619 suis,
1342 3571 1438 3605 nec

383 3633 544 3682 unum
569 3631 804 3694 praebere
839 3630 1083 3679 auxilium
1111 3629 1341 3679 hostibus
1365 3629 1439 3691 ip-

385 3722 578 3766 sorum,
618 3713 673 3756 et
710 3707 833 3754 alias
866 3706 1189 3754 conditiones
1234 3704 1439 3757 foederis

383 3784 622 3849 implere,
644 3789 699 3830 et
721 3790 890 3830 tamen
921 3783 1087 3829 nullas
1109 3789 1257 3830 extra
1280 3780 1441 3843 regio-

384 3875 506 3926 nem
524 3857 857 3921 suppeditare
879 3858 1057 3917 copias
1080 3858 1339 3907 Romanis.

450 3936 579 3984 Ante
619 3933 740 3981 alias
786 3933 931 3994 socia]
992 3934 1188 3980 Nostro
1242 3932 1441 3981 scilicet

385 4017 621 4074 tempore
643 4008 766 4059 socii
790 4016 844 4057 et
867 4006 958 4056 fidi
978 4022 1132 4068 super
1151 4009 1307 4057 alios:
1343 4008 1440 4056 etsi

387 4091 515 4147 tunc
554 4086 734 4133 illecti.
799 4083 887 4132 Ita
925 4084 1088 4145 possis
1122 4097 1329 4146 capere,
1365 4081 1439 4130 fa-

389 4170 528 4219 teor:
564 4177 659 4211 nec
683 4160 930 4223 displicet
965 4169 1131 4207 tamen
1157 4174 1320 4209 nneum
1356 4175 1441 4209 ve-

389 4246 504 4301 tus-t
534 4252 655 4303 gens
673 4237 797 4301 hond
816 4236 952 4299 alias.
1000 4235 1219 4301 Lipsius.
1247 4288 1258 4298 ⁴

516 4318 689 4384 Delph.
710 4322 759 4366 et
785 4317 900 4368 Var-
926 4317 1056 4364 Clas.

1361 4300 1364 4307 ’
1404 4314 1561 4364 Tacit.

1522 1808 1774 1852 cursaret.
1840 1805 1911 1851 Et
1957 1805 2089 1853 serio
2130 1805 2363 1868 adverte,
2403 1821 2577 1878 qmues

1519 1878 1583 1926 ad
1606 1892 1761 1926 unum
1783 1878 1941 1946 libros
1965 1879 2016 1927 in
2036 1874 2129 1928 liac
2152 1881 2375 1932 lectione
2393 1896 2579 1931 conve·

1518 1953 1660 2001 nire:
1731 1953 1917 2018 Itaque
1958 1955 2033 2003 his
2076 1956 2332 2020 standum,
2373 1960 2579 2023 quoties

1518 2030 1708 2079 elicere
1729 2042 1930 2078 sensum
1949 2031 2270 2081 commodum
2291 2045 2577 2096 possumus.

1584 2105 1790 2167 Insechi]
1820 2106 2043 2168 Insechi‚
2067 2104 2204 2157 Asiae
2223 2109 2417 2172 populi,
2437 2109 2578 2159 circa

1517 2178 1816 2228 Armeniam
1854 2181 2104 2243 majorem
2143 2181 2401 2247 videntur,
2435 2184 2579 2248 apud

1515 2256 1769 2306 Tacitum.
1821 2257 2046 2305 ortelius.

1586 2330 1717 2377 Gens
1751 2336 1862 2379 ante
1893 2330 2028 2394 alias,
2063 2332 2168 2395 &cij
2229 2335 2411 2385 Lectio
2447 2334 2582 2397 haec,

1515 2421 1637 2468 gens
1655 2410 1764 2455 ante
1785 2408 1904 2472 olias
1939 2408 2065 2456 socia
2087 2408 2333 2472 Romanis,
2353 2411 2577 2463 omnium

1522 2482 1766 2532 librorum
1786 2499 2038 2534 consensu
2058 2486 2403 2543 confirmatur.
2456 2491 2579 2554 Lip-

1520 2559 1625 2609 sius
1662 2560 1906 2609 mutavit:
1953 2558 2196 2622 nam,.ai't
2230 2564 2339 2627 ille,
2371 2565 2414 2613 si
2440 2557 2575 2616 'tunc

1521 2635 1739 2696 primum
1777 2637 1955 2696 illecti,
1992 2652 2115 2700 ergo
2152 2653 2251 2689 non
2291 2640 2417 2690 socii
2455 2649 2578 2691 ante

1519 2712 1675 2771 alios;
1713 2727 1877 2776 neque
1911 2728 2008 2775 ego
2036 2713 2292 2775 judicium
2333 2717 2441 2781 ejus
2481 2718 2576 2767 im-

1519 2789 1698 2851 probo.

1585 2866 1778 2913 Tamen
1822 2864 2101 2915 subsistere
2147 2854 2353 2916 videtur
2407 2868 2580 2932 prisca.

1520 2940 1696 3000 lectio,
1715 2941 1754 2987 si
1778 2940 2143 3004 intelligamus,
2166 2944 2402 2994 Tacitum
2434 2944 2578 3008 loqui

1523 3017 1588 3064 de
1610 3032 1700 3064 suo
1727 3017 1935 3079 saeculo,
1973 3017 2092 3067 dum
2117 3020 2208 3081 ait,
2243 3020 2577 3071 Insechorum

1519 3100 1726 3154 gentem
1753 3091 1907 3141 fuisse
1948 3095 2140 3145 sociam
2180 3098 2420 3147 Romanis
2455 3106 2578 3146 ante

1518 3168 1670 3229 allatu
1701 3176 1756 3215 at
1795 3176 1933 3229 tunc,
1955 3171 2156 3220 scilicet
2183 3172 2410 3222 historiae
2442 3172 2578 3220 illius

1519 3251 1772 3307 tempure,
1804 3246 2065 3294 societatis
2089 3246 2406 3296 et'aniicitiae
2440 3247 2578 3311 prin·

1515 3320 1726 3383 cipiunt.

1582 3397 1732 3447 Quod
1774 3397 2075 3447 confirmare
2118 3399 2358 3447 videntur
2397 3398 2576 3458 verba,

1515 3478 1712 3536 tuncque
1739 3474 1944 3536 primum
1976 3475 2147 3523 illecti.-
2183 3489 2295 3536 quae
2331 3473 2580 3537 indicant,

1519 3562 1607 3597 eos
1661 3548 1991 3610 sequentibus
2045 3549 2200 3599 etiam
2256 3547 2579 3609 temporibus

1520 3639 1660 3686 saepe
1699 3622 1904 3672 affuisse
1943 3625 2206 3685 Romanis,
2237 3633 2392 3688 atque
2416 3623 2468 3672 in
2490 3638 2578 3687 eo·

1520 3717 1633 3750 rum
1666 3702 1915 3749 societate
1941 3708 1995 3749 et
2017 3701 2247 3751 amicitia
2279 3705 2578 3749 constanter

1523 3779 1951 3840 perseveravisse,
1968 3785 2086 3826 ante
2105 3779 2230 3825 alios
2253 3777 2389 3827 illius
2412 3774 2576 3838 regio-

1520 3855 1600 3902 nis
1626 3854 1861 3915 populoS.
1933 3852 2155 3901 Pichena.

1586 3930 1726 3978 Nihil
1752 3929 1822 3975 ibi
1844 3929 2051 3977 Tacitus
2091 3927 2156 3976 de
2192 3932 2579 3991 perseverantia

1518 4005 1861 4073 illorummox
1885 4004 1936 4052 in
1968 4003 2069 4052 fide
2093 4012 2214 4054 ante
2235 4006 2376 4055 alios.
2428 4006 2579 4056 Dicit

1519 4082 1674 4129 fuisse
1697 4080 1885 4129 sociam
1920 4081 2030 4143 jam
2049 4081 2169 4129 olim
2193 4082 2452 4143 Romanis,
2483 4081 2577 4128 sed

1521 4166 1630 4206 tum
1655 4157 1872 4219 primum
1893 4156 1942 4203 in
1968 4156 2209 4207 auxilium
2244 4163 2300 4204 et
2332 4153 2577 4205 commili-

1522 4234 1652 4283 tium
1672 4231 1832 4283 fuisse
1852 4232 2082 4281 illectam
2103 4237 2331 4301 gentem.

2338 4316 2368 4360 ⁵
2398 4312 2446 4361 F
