3100 4925
463 405 732 472 J..c⁶5.}
2484 380 2659 448 1383

462 550 736 615 tentiam
782 545 1062 612 mimum
1112 547 1342 608 secuta
1370 541 1649 607 Pati-um
1680 541 2052 613 'consultaz
2094 555 2223 607 nec
2270 539 2652 607 dubitatum

463 657 567 717 est
592 650 771 734 apud
790 639 1194 744 provincias.
1266 648 1288 679 ‘
1307 641 1764 727 Coelestesque
1787 642 2087 707 honores*
2109 640 2407 707 Claudio’
2429 630 2673 709 decer-'u

462 756 723 830 anatur,
752 754 821 814 et
855 747 1109 814 funeris
1138 739 1427 821 solenne,
1455 743 1729 827 perinde
1756 761 1841 808 ac
1866 743 1957 809 D.
1984 740 2336 827 Auguste,⁸
2360 744 2656 812 celebra-

1153 392 1562 450 ANNALUJM
1614 395 1760 445 1012
1808 395 1953 444 XH-

470 943 767 997 Voluntatem
784 920 990 997 militam
1005 960 1034 994 a
1122 944 1314 994 obaeere
1328 943 1517 992 decreta
1530 939 1765 1019 Patriam,
1765 955 1850 991 nee
1863 944 2134 992 cunctatam
2147 944 2218 990 est
2234 942 2360 1005 apud
2373 939 2659 1005 provincias.

463 1010 740 1087 Divinique
770 1012 987 1060 honores
1077 1008 1232 1058 audio
1252 1011 1511 1070 censentur,
1532 1010 1580 1055 et
1601 1006 1898 1069 exequiarum
1925 1019 2094 1069 pompa
2109 1011 2310 1068 paratur
2328 1005 2447 1068 ipsi,
2460 1005 2683 1068 perinde*

462 1090 519 1125 ue
537 1075 645 1125 divo
658 1076 881 1138 Augusto
901 1075 1053 1136 olim;
1082 1073 1302 1123 ι’ωιίὲαιιεε
1320 1071 1541 1121 cer-latim
1556 1071 1829 1134 Agrippina
1842 1070 2242 1135 magnificentiam
2256 1070 2413 1121 Ia'vioe
2424 1071 2660 1135 proavia?

1440 1230 1655 1283 NOTAE

1602 1337 1857 1404 recitavit,
1879 1337 2165 1408 (Augustus
2201 1316 2388 1405 nempe
2405 1339 2451 1407 ι)
2484 1341 2659 1394 Quan-
2662 1392 2673 1405 ,

1601 1417 1874 1492 doquidem
1887 1418 2048 1468 Divus
2066 1417 2308 1470 Claudius
2324 1416 2521 1469 occidit
2537 1432 2660 1468 cou-
2674 1485 2680 1490 ⁴

464 1359 589 1410 ceps
611 1307 905 1395 natalibus
891 1342 1095 1409 imperii
1115 1344 1215 1394 sui.
1245 1342 1455 1407 Lipsius.

499 1419 689 1482 Quina
711 1422 829 1470 dena
865 1421 1085 1470 sestertia
1117 1420 1371 1492 Suetonii,
1399 1426 1543 1471 sunt.

463 1495 689 1545 trecenti
709 1502 765 1545 et
785 1495 1119 1559 septuaginta
1135 1495 1360 1568 quinque
1376 1510 1521 1545 coro-

463 1570 612 1620 nati:
635 1585 740 1622 seu
782 1574 928 1622 1125.
949 1571 1095 1621 librae
1135 1578 1312 1622 nostro
1354 1586 1516 1634 more

463 1647 536 1696 Et
570 1646 714 1710 quina
750 1648 901 1697 millia
939 1648 1266 1698 drachmarum
1303 1646 1520 1711 Josephi

460 1719 653 1772 fuerint
673 1722 942 1787 quingenti
976 1719 1231 1790 coronati,
1251 1737 1342 1771 seu
1370 1726 1516 1772 1500.

461 1796 607 1848 librae
630 1804 850 1848 nostrae·
834 1834 852 1861 ,
883 1813 998 1863 qnae
1030 1799 1280 1847 immensa
1312 1797 1517 1861 largitio

461 1873 733 1924 videatur*
718 1889 776 1923 ιιι
797 1874 1042 1959 caligatos
1064 1873 1195 1926 illos.

526 1941 600 1999 At
620 1950 829 2000 centeni
852 1948 1063 2011 nummi,
1086 1963 1202 2014 quae
1228 1962 1395 1999 annua
1413 1913 1517 1999 lar-

463 2023 609 2088 gitio,
636 2023 830 2082 fuerint
869 2025 974 2075 duo
1008 2024 1241 2076 coronati
1277 2031 1334 2082 et
1370 2023 1517 2076 dimi-

462 2098 595 2161 dius,
634 2115 725 2149 seu
783 2106 984 2163 septem
1026 2099 1170 2149 librae
1215 2106 1272 2149 et
1329 2100 1515 2150 decem

460 2180 717 2236 proeterea
745 2190 885 2226 asses
906 2180 1083 2225 nostro
1104 2190 1265 2227 more.
1330 2176 1514 2225 Potius

460 2248 697 2300 standum
718 2251 1008 2339 Suetomo,
993 2266 1048 2300 ιιι
1069 2251 1226 2301 rebus
1247 2250 1398 2300 Rom.

459 2381 906 2475 pretorianorum,
957 2385 1151 2454 viritim
1209 2402 1516 2471 quingentos

459 2488 748 2545 coronatos,
767 2468 1132 2548 impendentur
1151 2481 1373 2558 quinque
1409 2482 1517 2530 mil-

455 2553 617 2607 liones
662 2564 1040 2621 coronatorum,
1079 2571 1173 2606 seu
1225 2555 1514 2620 quindecim

458 2631 708 2682 milliones
729 2633 991 2682 librarum.

525 2709 886 2772 ‘Coelestesque
919 2707 1136 2772 honores]
1166 2706 1232 2757 Id
1271 2706 1372 2770 est,
1396 2722 1516 2758 cou-

458 2790 711 2846 secratur,
738 2791 793 2833 et
812 2785 949 2835 inter
969 2786 1114 2834 Deos
1138 2784 1430 2848 ascribitur,
1455 2791 1513 2834 ut

461 2865 583 2910 ante
603 2859 773 2911 Julius
796 2865 853 2909 et
872 2859 1159 2923 Augustus,
1179 2860 1267 2924 qui
1293 2861 1403 2924 jam
1424 2859 1514 2909 Dii

458 2933 585 2986 facti
606 2941 660 2986 et
681 2935 884 2988 adorati
915 2936 1103 3000 palam,
1135 2940 1247 2985 toto
1269 2935 1394 2985 orbe
1414 2936 1514 2986 Ro-

457 3023 627 3061 mano.

527 3088 831 3149 Coezestesque
851 3086 1066 3149 honores]
1096 3086 1298 3136 Seneca
1328 3085 1380 3134 in
1413 3087 1513 3135 Lu·

457 3160 526 3210 do
545 3179 557 3210 ι
583 3163 598 3191 ⁸
619 3162 863 3223 Cogitate
883 3162 944 3212 P.
964 3162 1024 3211 C.
1043 3163 1194 3226 quale
1216 3166 1512 3225 portentum

458 3236 512 3291 in
534 3252 799 3287 numerum
815 3238 1043 3287 Deorum
1060 3252 1115 3286 se
1135 3236 1298 3300 recipi
1319 3236 1514 3300 cupiat.

456 3312 733 3377 Principes
749 3314 948 3377 pietate
966 3319 1019 3363 et
1026 3313 1238 3376 justitia
1253 3312 1347 3361 Dii
1362 3311 1513 3362 fiunt.

347 3404 362 3415 ⁸
457 3389 672 3439 Scilicet
701 3391 787 3440 hic
824 3391 938 3454 pius
972 3396 1029 3439 et
1061 3390 1253 3452 justus,
1275 3389 1512 3454 quoniam

457 3465 776 3516 Druidarum
800 3466 1074 3515 immanem
1096 3464 1394 3528 religionem
1425 3464 1514 3514 ad·

456 3540 623 3602 vexit,
645 3549 871 3590 nostram
893 3556 1105 3605 prorsus
1127 3540 1433 3605 extirpavit,
1452 3544 1514 3589 ut

454 3615 636 3666 Romae
661 3617 957 3679 nuptiarum
994 3631 1139 3665 sacra
1172 3622 1366 3677 essent,
1400 3615 1511 3680 qui-

458 3691 555 3745 hus
591 3692 723 3754 ipse,
747 3706 862 3741 cum
901 3691 1002 3740 sibi
1023 3690 1315 3755 Agrippina
1350 3690 1510 3740 nube-

457 3774 560 3830 ret,
598 3768 812 3831 triginta
842 3767 1197 3828 senatoribus,
1228 3766 1510 3815 innumeris

455 3842 715 3907 ,equitibus
737 3843 886 3891 Rom.
909 3841 1167 3903 mactatis,
1197 3840 1511 3905 principium

456 3917 619 3967 dedit.
684 3917 840 3967 Hunc
858 3931 993 3967 nunc
1015 3918 1182 3966 Deum
1203 3915 1383 3967 facere
1405 3917 1513 3967 vul-

458 3993 559 4045 tis?
594 3992 767 4042 videte
803 4007 992 4055 corpus
1028 3993 1163 4056 eJus,
1201 3993 1322 4041 Diis
1364 3993 1510 4043 iratis

458 4074 654 4119 natum.
717 4066 805 4117 Ad
833 4082 1079 4117 summum
1101 4068 1204 4119 tria
1216 4068 1384 4118 ·verba
1404 4068 1511 4118 cito

458 4142 637 4206 dicat,’
657 4147 758 4193 διο.

483 4268 490 4272 ,
524 4221 595 4271 Et
640 4217 806 4271 infra:
839 4219 856 4249 ‘
875 4217 1051 4285 Atque
1094 4216 1173 4269 ita
1212 4233 1283 4270 ex
1315 4218 1515 4271 tabella

1599 1508 1829 1543 socerum
1852 1509 1998 1544 suum
2017 1493 2249 1559 Appium
2268 1491 2553 1557 Syllanam,
2570 1506 2657 1557 gc-

1597 1584 1748 1623 neros
1785 1571 1931 1635 duos,
1952 1570 2260 1634 Pompeium
2280 1571 2529 1633 Magnum
2550 1565 2658 1622 An-

1598 1646 1757 1696 toniae
1796 1662 1862 1696 ex
1883 1646 2091 1709 Petina,
2124 1643 2186 1695 1..
2211 1646 2475 1709 syllanum
2499 1646 2657 1705 Octa-

1597 1720 1698 1770 viae
1720 1736 1785 1771 ex
1807 1722 2130 1784 Messallina,
2147 1735 2384 1771 socerum
2404 1721 2653 1773 filiarum

1600 1796 1836 1846 Crassum
1856 1794 2013 1860 frugi,
2032 1795 2286 1845 hominem
2309 1802 2416 1846 tam
2435 1795 2659 1849 similem·

1597 1869 1715 1934 sibi,
1732 1885 1886 1935 quam
1906 1885 2003 1920 ovo
2026 1885 2197 1936 ovum,
2215 1871 2539 1922 Scriboniam
2573 1886 2655 1923 so-

1597 1960 1740 1995 crum
1761 1944 1882 2002 filiae
1902 1961 2032 2009 suae,
2055 1946 2406 1999 Messallinam
2438 1961 2655 1998 uxorem

1595 2037 1758 2086 suam,
1795 2015 1852 2073 et
1897 2029 2122 2087 ceteros,
2140 2038 2373 2088 ⁴quorum
2410 2038 2655 2076 numerus

1594 2099 1714 2149 iniri
1733 2113 1836 2149 non
1857 2091 2064 2165 potuit.
2049 2116 2062 2129 ·
2097 2100 2275 2164 placet
2295 2099 2417 2149 mihi
2449 2098 2503 2149 in
2533 2115 2657 2151 euin·
2684 2149 2688 2156 ,

1595 2190 1777 2227 severe
1816 2176 2195 2238 animadverti3
2226 2191 2324 2227 nec
2366 2176 2447 2227 illi
2478 2190 2657 2228 rerum
2680 2235 2686 2246 ,

1587 2250 1989 2314 judicandarum
2010 2253 2306 2302 vacationes
2345 2250 2481 2320 dari,
2510 2266 2653 2306 eum·

1596 2342 1695 2392 que
1718 2327 2095 2396 quamprimum
2129 2327 2417 2392 exportari,
2444 2332 2502 2378 et
2520 2327 2655 2379 coelo

1593 2404 1734 2454 intra
1753 2404 1864 2453 dies
1889 2402 2103 2473 triginta
2124 2402 2399 2467 excedere,
2425 2391 2653 2475 Olympo
2678 2468 2683 2473 ι

1594 2480 1730 2528 intra
1753 2479 1890 2528 diem
1913 2479 2140 2529 tertium.
2196 2477 2456 2528 Pedibus'
2442 2492 2496 2527 ιιι
2516 2476 2651 2530 lianc

1596 2556 1904 2605 sententiam
1953 2555 2084 2605 itum
2143 2561 2248 2605 est..
2331 2556 2447 2606 Nec
2490 2571 2659 2619 mora,

1597 2632 1861 2694 Cyllenius
1903 2631 2047 2681 illum
2085 2632 2217 2682 collo
2242 2631 2450 2681 obtorto
2489 2632 2652 2682 trahit

1596 2706 1662 2755 ad
1682 2706 1895 2770 inferos,
1915 2708 2054 2770 illuc,
2077 2707 2213 2757 unde
2246 2713 2443 2771 negant
2476 2707 2655 2757 redire

1593 2782 1920 2846 quenquam,'
1941 2785 2038 2831 διο.

1655 2862 1676 2890 ⁸
1706 2856 1835 2906 Divo
1860 2856 2099 2921 Aug-usto]
2142 2856 2228 2906 Sic
2269 2857 2377 2906 Dio
2418 2857 2458 2906 l.
2496 2869 2647 2907 uxr.

1590 2933 1657 2982 de
1681 2932 1921 2983 Claudio:
1961 2933 1978 2962 ‘
2002 2933 2279 2997 Sepultura
2301 2939 2356 2982 et
2379 2932 2468 2981 alii
2488 2933 2651 2983 hono-

1592 3023 1676 3059 res
1714 3008 1781 3073 ei,
1820 3009 1911 3074 qui
1929 3008 2191 3074 Augusto,
2211 3024 2386 3059 omnes
2422 3010 2651 3074 contige·

1591 3090 1714 3134 runt
1731 3102 1754 3146 ς
1781 3083 2068 3150 Agrippina
2105 3091 2276 3135 autem
2310 3101 2372 3136 ac
2394 3086 2537 3136 Nero
2576 3086 2650 3135 lu-

1593 3174 1718 3223 gere
1749 3175 1805 3209 se
1825 3175 1942 3210 eum
1964 3176 2116 3224 quem
2139 3167 2454 3211 necaverant
2494 3161 2648 3212 simu-

1590 3235 1781 3296 lavere,
1793 3242 2179 3300 evexeruntque
2200 3237 2259 3284 in-
2276 3238 2477 3300 coelum,
2491 3251 2650 3302 quem

1593 3325 1624 3359 e
1647 3310 1882 3360 convivio
1902 3312 2212 3361 extulerant.
2263 3312 2415 3361 Unde
2438 3313 2498 3362 L.
2521 3311 2652 3363 Julii

1595 3386 1869 3448 Gallionis„
1890 3387 1977 3452 qui
2000 3385 2166 3436 frater
2187 3386 2288 3436 fuit
2307 3388 2540 3449 Senecae,
2561 3380 2659 3436 ιιι-ἐ

1550 3459 1555 3463 ’
1593 3461 1920 3510 banissimum
1964 3468 2112 3511 extat
2152 3463 2362 3512 dictum.
2426 3460 2649 3526 scripsit

1591 3536 1802 3603 quidem
1838 3538 2035 3587 Seneca
2072 3538 2251 3601 etiam,
2271 3537 2458 3586 librum
2478 3535 2650 3586 ἀποκο-

1590 3611 1883 3663 λοκύντωσιν
1926 3614 2077 3663 titulo
2137 3613 2282 3677 quasi
2325 3613 2549 3678 diceres,
2580 3613 2646 3663 de

1591 3690 1983 3739 immortalitate
2005 3686 2163 3752 fungo
2186 3694 2355 3751 parta.

1653 3765 1670 3793 ‘
1692 3765 1797 3814 Sed
1832 3764 2087 3814 Gallionis
2123 3764 2275 3827 jocus
2318 3769 2648 3826 memoratur,

1588 3841 1909 3906 paucissimis
1929 3839 2099 3889 verbis
2135 3839 2354 3902 plurima
2389 3840 2647 3903 complec-

1591 3922 1708 3966 tens
1727 3933 1750 3978 ι
1779 3931 1896 3966 cum
1928 3915 2065 3963 enim
2099 3930 2208 3978 eos,
2228 3915 2314 3980 qui
2351 3915 2405 3964 in
2434 3929 2647 3966 carcere

1592 3998 1864 4053 necantur,
1879 3990 2077 4054 magnis
2101 3990 2264 4051 uncis,
2280 3990 2332 4038 in
2345 3987 2513 4038 sorum
2535 4004 2648 4040 car-

1590 4067 1793 4130 nifices,
1820 4082 1882 4117 ac
1921 4066 2041 4115 inde
2068 4066 2123 4115 in
2162 4063 2506 4129 profluentem
2527 4077 2647 4128 pro·

1591 4143 1880 4206 traherent,
1888 4157 2005 4192 anco
2025 4142 2275 4190 Claudiam
2293 4142 2348 4190 iia
2360 4142 2522 4190 calum
2535 4155 2648 4206 rap.

1590 4225 1710 4287 m,
1730 4219 1880 4272 dixit.
1929 4219 2116 4285 Neque
2138 4217 2528 4284 illuleeronis,
2543 4231 2648 4269 me·
