3100 4925
440 395 616 467 1:336

1149 407 1213 458 G.
1257 405 1621 458 GORNELII
1665 403 1921 458 ‘uem

2325 412 2422 478 [A.
2438 413 2507 466 ιτ.
2528 412 2662 464 sore·

1442 624 1655 675 NOTAE

440 763 761 828 appellamus
796 776 886 812 eos
922 762 1011 827 qui
1047 761 1282 826 publicos
1301 762 1500 813 reditus

437 840 687 903 colligunt
709 837 1053 903 erogautque)
1095 839 1149 888 in
1184 854 1360 888 omnes
1382 853 1500 902 pro-

436 916 653 975 vincias,
676 922 780 963 tam
806 929 921 963 suas
943 919 1096 978 quain
1119 915 1313 977 populi,
1329 915 1502 964 Caesar

439 991 621 1051 mittit,
653 981 900 1054 quosdam
941 1005 1006 1038 ex
1046 990 1325 1055 equitibus,
1357 1004 1503 1054 quos·

439 1065 556 1115 dam
579 1081 646 1116 ex
667 1065 904 1116 libertis!

502 1142 689 1206 Itaque
710 1157 805 1191 nec
827 1142 1047 1205 judicia,
1066 1156 1165 1191 nec
1186 1149 1306 1191 acta
1325 1156 1500 1191 eorum

439 1226 584 1268 rata:
640 1219 913 1282 vocarique
934 1224 1178 1280 poterant
1213 1218 1280 1267 ad
1313 1217 1503 1281 disqui-

436 1294 674 1345 sitionem
710 1294 960 1356 principis
978 1300 1068 1343 aut
1090 1300 1327 1342 senatus:
1380 1308 1501 1358 quo·

434 1369 575 1420 niam
598 1369 715 1433 lege
739 1368 877 1432 apud
899 1384 1000 1418 eos·
1023 1370 1103 1433 agi
1137 1372 1225 1433 (ut
1263 1368 1330 1418 ad
1367 1384 1497 1430 rem,

435 1451 493 1495 et
536 1446 821 1495 solenniter
862 1444 1069 1510 loquar)
1112 1445 1295 1495 nefas:
1361 1446 1497 1510 apud

434 1521 795 1584 magistratum
835 1523 997 1571 solum
1040 1523 1220 1586 populi
1259 1522 1497 1585 Romani,

434 1611 600 1662 prove
633 1597 956 1662 magistratu,
988 1598 1124 1647 actio
1144 1598 1275 1661 legis
1296 1597 1414 1661 fuit,
1437 1602 1497 1647 ut

433 1678 695 1742 consules,
744 1678 1102 1742 proconsules,
1135 1683 1499 1742 propraetores,

433 1754 524 1821 qui
561 1768 739 1804 omues
777 1770 806 1803 e
849 1760 1061 1804 senatu:
1119 1754 1256 1817 apud
1297 1753 1498 1819 equites

430 1846 535 1883 non
553 1832 657 1882 fuit
678 1850 692 1894 ;
726 1833 889 1882 multo
910 1825 1075 1882 minus
1100 1832 1237 1896 apud
1259 1831 1495 1881 libertos.

499 1908 650 1958 Inter
683 1910 902 1974 equites,
936 1908 1143 1973 excipio
1180 1922 1337 1957 unum
1368 1922 1500 1971 prae-

430 1982 626 2035 fectum
649 1984 881 2048 AEgypti,
916 1985 1054 2050 apud
1078 1998 1250 2050 quem,
1266 1991 1326 2034 ut
1347 1984 1499 2033 Taci-

432 2066 517 2110 tus
539 2064 709 2121 notat,
721 2060 840 2122 lege
859 2060 945 2122 agi
962 2060 1201 2123 permisit
1217 2058 1496 2122 Augustus,

431 2134 648 2185 decreto
666 2133 1170 2199 quodam’siugulari.

498 2207 748 2258 Attamen
771 2215 1135 2273 procuratores
1169 2208 1258 2257 isti
1291 2208 1497 2271 provin-

433 2284 526 2334 ciis
548 2289 828 2347 preerant,
872 2289 928 2333 et
940 2284 1031 2348 jus
1051 2298 1194 2347 sepe
1211 2283 1262 2331 iu
1279 2283 1497 2333 crimine

433 2365 491 2409 et
514 2373 670 2409 causa
690 2359 876 2423 capitis
895 2358 1154 2410 dicebaut.
1188 2359 1496 2423 Exemplum

430 2435 487 2487 in
528 2435 736 2499 Pontio,
784 2437 873 2502 qui
911 2436 1111 2489 Judaeae
1150 2441 1493 2501 procurator3

432 2524 535 2563 nou
558 2513 693 2560 enim
710 2512 799 2560 ille
822 2512 1099 2574 provinciae
1128 2512 1339 2575 proprie
1360 2525 1493 2575 prae·

429 2603 532 2653 ses,
562 2588 872 2638 seutentiam
897 2588 1018 2637 tulit
1038 2586 1106 2637 de
1127 2588 1302 2651 capite
1326 2589 1493 2638 nostri

430 2663 641 2729 capitis,
676 2662 871 2714 Christi
903 2664 1216 2714 servatoris:
1251 2665 1492 2728 exempla

428 2738 482 2788 in
506 2739 776 2802 Petronio,
808 2740 1060 2804 Cumano,
1093 2740 1312 2806 aliisque
1336 2740 1490 2803 vulgo

428 2813 567 2879 apud
587 2813 888 2877 sosephum.

491 2884 742 2955 Idemque
774 2889 829 2939 in
867 2890 1027 2940 certis
1051 2884 1270 2941 minuti?
1285 2893 1491 2957 provin·

428 2964 522 3015 ciis
559 2963 776 3026 factum,
834 2963 1021 3029 quibus
1076 2967 1314 3030 regendis
1351 2968 1491 3018 solus

424 3045 764 3105 procurator:
800 3054 1018 3104 quarum
1055 3040 1253 3106 aliquot
1278 3042 1491 3094 Tacitus

422 3115 688 3166 recensuit
707 3114 829 3164 hist.
852 3128 894 3168 ι.
914 3115 931 3144 ‘
949 3116 1088 3165 Duae
1123 3115 1490 3183 Mauretaniae,

426 3190 648 3256 Rhatia,
686 3191 955 3255 Noricum,
999 3189 1239 3255 Thracia,
1268 3207 1489 3259 quaeque

426 3271 542 3321 alim
587 3268 1009 3335 procuratoribus
1037 3267 1341 3320 cohibentur
1361 3269 1394 3319 ε’
1435 3276 1492 3320 et

421 3353 620 3412 prater
640 3361 746 3410 eas,
760 3347 961 3396 notabis
977 3344 1191 3409 Alpium
1207 3345 1488 3397 maritima-

422 3440 538 3475 rum
559 3429 974 3489 procuratorem‚
996 3423 1122 3472 item
1160 3423 1341 3488 Ponti,
1361 3424 1486 3490 Epi·

421 3502 488 3564 ri,
521 3502 816 3567 pluresque.
886 3499 1021 3550 Haec
1065 3500 1208 3550 clara
1256 3498 1384 3551 satis
1426 3505 1483 3550 et

424 3578 591 3629 certa.

483 3650 573 3702 Ad
607 3653 698 3702 hos
729 3656 1098 3716 procuratores
1144 3649 1369 3715 Claudii,
1400 3663 1483 3701 me

407 3727 612 3794 judice,
646 3728 1089 3779 accommodamus
1112 3726 1361 3789 edictum,
1397 3727 1483 3790 ju-

417 3804 609 3868 bentis,
628 3805 758 3855 utin
781 3804 1054 3869 provinciis
1070 3797 1247 3853 eoruin
1265 3802 1483 3852 decreta

414 3879 634 3948 proinde
656 3884 769 3930 rata
805 3879 931 3941 sint,
969 3894 1032 3929 ac
1074 3878 1117 3928 si
1138 3878 1252 3942 ipse
1276 3879 1484 3929 statuis-

416 3962 517 4011 set.
583 3956 722 4006 Nam
759 3955 827 4004 ad
863 3953 1045 4004 fiscum
1064 3954 1224 4003 solum
1249 3954 1294 4003 si
1317 3960 1483 4020 aptas,

419 4030 547 4098 quid
567 4030 662 4080 fiet
676 4030 1030 4082 communibus
1062 4035 1119 4079 et
1136 4030 1247 4081 late
1269 4045 1486 4097 concep-

415 4109 488 4161 tis
523 4106 750 4158 Cornelii
782 4103 983 4157 verbis?
1013 4105 1276 4169 ‘Rerum‚’
1299 4107 1486 4173 iuquit,

418 4186 435 4215 ‘
459 4199 491 4236 a
515 4181 935 4249 procuratoribus
956 4181 1060 4234 suis
1067 4183 1424 4249 judicatarum
1451 4185 1486 4234 ι’

418 4261 720 4329 pariterque
776 4259 1044 4314 indefinite
1083 4260 1276 4314 extulit
1321 4262 1483 4313 Tran-

1583 761 1788 827 quillus,
1815 760 1833 788 ⁴
1857 773 1972 824 que
2005 765 2371 824 procuratores
2388 760 2469 811 sai
2490 760 2544 810 in
2558 760 2645 825 ju-

1583 837 1805 887 dicando
1823 836 2146 886 statuerent!

1647 913 1800 963 Adde
1823 913 2222 977 subsequentem
2248 926 2452 962 omnem
2472 912 2644 980 Taciti

1582 993 1904 1043 orationem:
1939 992 2160 1054 videbis,
2199 1006 2301 1041 non
2346 991 2486 1042 aliud
2523 1006 2645 1044 eum

1580 1069 1841 1133 indignari
1864 1083 2015 1132 quam
2036 1068 2177 1132 quod
2188 1067 2485 1131 jurisdictio
2507 1081 2649 1117 cour·

1581 1145 1842 1194 municata
1863 1145 1932 1193 sit
1962 1159 2079 1194 cum
2116 1144 2373 1209 equitibus
2415 1150 2468 1192 et
2489 1143 2668 1194 liber·.

1581 1222 1685 1271 tis:
1723 1221 1790 1270 de
1816 1235 1917 1285 quo
1951 1222 2108 1270 toties
2142 1221 2275 1269 inter
2293 1220 2498 1269 ordines
2520 1220 2641 1270 olim

1581 1302 1838 1347 certatum
1888 1296 2143 1346 seditione
2189 1302 2279 1345 aut
2313 1295 2466 1362 armis
2507 1300 2641 1366 erat.

1580 1372 1656 1422 At
1677 1379 2039 1436 procuratores
2059 1373 2147 1437 qui
2163 1371 2247 1421 rei
2265 1370 2505 1424 familiari
2528 1377 2640 1421 tan·

1577 1455 1689 1499 tum
1733 1450 1979 1514 impositi,
2020 1450 2110 1514 qui
2147 1449 2199 1497 in
2225 1448 2503 1511 provinciis
2525 1459 2642 1512 pro·

1578 1527 1844 1577 consulum
1887 1533 1975 1576 aut
2012 1527 2299 1589 legatorum
2344 1526 2498 1589 plane
2538 1524 2645 1588 pri·

1577 1601 1684 1651 vati
1730 1609 1895 1664 erant,
1941 1607 1997 1651 et
2039 1602 2238 1665 insigne
2271 1602 2323 1650 iu
2361 1613 2449 1650 eos
2471 1610 2643 1650 exem·

1578 1682 1719 1744 plum
1745 1696 1775 1730 a
1794 1678 2001 1728 Tiberio
2033 1678 2249 1728 editum.

1641 1756 1886 1805 Tacitus:
1935 1755 1950 1782 ‘
1973 1760 2280 1819 procurator
2312 1751 2452 1802 Asiae
2487 1750 2641 1802 Luci·
2670 1771 2677 1775 ·

1577 1831 1677 1880 lius
1743 1831 1950 1894 Capito,

1579 1919 1783 1956 causam
1822 1906 1973 1968 dixit,
2007 1920 2195 1969 magua
2229 1918 2343 1954 cum
2379 1916 2644 1953 assevera-

1579 1982 1719 2032 tione
1741 1981 2006 2044 principis‚
2039 1995 2142 2029 non
2167 1995 2222 2029 se
2233 1980 2322 2043 Jus
2340 1980 2437 2029 niti
2464 1980 2517 2028 in
2534 1985 2641 2029 sei·-

1578 2055 1701 2105 vitia
1743 2062 1799 2105 et
1833 2056 2077 2119 pecunias
2097 2054 2375 2105 familiares
2397 2054 2639 2104 dedisset

1579 2133 1717 2196 quod
1738 2132 1782 2180 si
1802 2133 1906 2180 vim
1932 2132 2169 2195 praetoris
2192 2137 2511 2194 usurpasset,
2533 2145 2642 2180 rua·
2664 2155 2667 2158 ·

1577 2208 1836 2274 nibusque
1876 2209 2094 2259 militum
2132 2225 2254 2259 usus
2288 2208 2445 2272 foret,
2465 2201 2672 2273 spreta·

1579 2287 1633 2335 in
1678 2297 1742 2337 eo
1778 2286 2023 2336 mandata
2044 2301 2155 2349 sua,
2179 2285 2416 2335 audirent
2435 2283 2655 2337 socios?¹

1579 2364 1747 2414 Plane
1768 2378 1895 2429 ergo
1921 2361 2129 2427 privati,
2155 2369 2276 2412 tunc
2302 2360 2525 2426 quidem.
2646 2373 2667 2385 ¹

1641 2441 1777 2491 Nam
1801 2445 1983 2505 postea
2010 2439 2099 2504 jus
2133 2443 2449 2503 acceperunt
2468 2437 2534 2488 de
2554 2436 2638 2488 fis·

1575 2517 1676 2567 cali
1715 2517 1899 2566 saltem
1932 2516 2155 2580 pecunia
2183 2506 2545 2583 cognoscendi,
2577 2517 2640 2563 ut

1573 2593 1870 2657 praemonui.
1935 2591 2103 2657 quue
2125 2592 2232 2641 Dio
2253 2591 2408 2640 etiam
2432 2588 2641 2653 assigni-

1572 2667 1730 2717 ficans
1770 2668 1866 2731 ait,
1899 2666 2073 2732 objydp
2103 2667 2211 2728 ἐξῆν
2233 2663 2363 2717 τότε.
2429 2664 2503 2715 Hi
2520 2678 2659 2730 potr

1572 2742 1792 2792 teriores
1820 2750 2182 2807 procuratores
2206 2743 2357 2793 multi
2378 2748 2546 2806 erant,
2578 2747 2637 2793 et

1570 2810 1737 2881 sparsi
1800 2832 1897 2882 per
1948 2819 2240 2883 provincias
2293 2832 2503 2868 omnes:
2557 2816 2639 2868 mi

1570 2893 1841 2957 pauciores
1863 2893 2244 2960 dignioresque.

1635 2966 1739 3017 Dio
1769 2968 2015 3032 excipuas
2047 2968 2237 3019 babere
2267 2966 2631 3033 proconsulum

1571 3043 1863 3108 provincias
1882 3044 2092 3095 videtur
2106 3045 2172 3095 ab
2184 3044 2634 3095 administratione

1569 3126 1983 3183 procuratorum.
2050 3119 2218 3170 Addit
2238 3119 2375 3170 enim
2390 3119 2457 3168 ad
2473 3118 2635 3169 verba

1567 3196 1690 3247 libri
1731 3210 1852 3248 nu.
1903 3213 2019 3263 quae
2066 3213 2255 3263 supra:
2310 3199 2450 3248 ‘non
2493 3197 2631 3246 enim

1569 3279 1694 3323 tunc
1715 3274 1882 3338 licuit,
1912 3274 2010 3324 nisi
2046 3275 2099 3323 in
2122 3278 2373 3341 quantum
2413 3274 2639 3337 procem-2
2650 3304 2656 3309 ⁴

1568 3350 1704 3400 sules
1726 3350 1924 3401 tributa
1944 3350 2158 3413 exigunt
2190 3350 2255 3400 ab
2298 3350 2420 3414 illis,
2446 3348 2631 3419 quibu
2668 3378 2675 3383 ὴ

1565 3425 1859 3490 imperant!
1939 3425 2099 3477 Quasi
2125 3426 2460 3489 proconsules
2493 3423 2630 3475 redi-

1532 3542 1542 3555 .
1564 3506 1648 3550 tus
1666 3500 1974 3565 collegerint
1990 3501 2091 3564 ipsi
2107 3502 2161 3550 in
2183 3500 2463 3565 provinciis
2492 3499 2595 3549 suis
2608 3514 2625 3546 t

1562 3573 1772 3626 fallacia
1809 3575 1989 3639 verba,
2041 3590 2158 3641 quae
2205 3576 2370 3626 virum
2411 3575 2624 3626 doctum

1561 3664 1732 3714 nuper
1740 3650 2085 3716 deceperunt,
2104 3666 2206 3701 non
2222 3662 2325 3701 me.

1626 3726 1931 3777 Planissime
1973 3727 2109 3778 enim
2163 3728 2217 3776 in
2263 3727 2633 3792 proconsulum¹

1563 3803 1721 3853 etiam
1756 3804 2035 3868 provinciis
2074 3804 2456 3869 procuratores.
2519 3804 2631 3855 Dio

1561 3879 1675 3943 ipse
1717 3880 1886 3946 docet,
1915 3881 1992 3931 'Es
2021 3879 2196 3944 πάντα,
2234 3881 2420 3947 inquit,
2461 3879 2629 3943 opulus·

1561 3956 1626 4006 τὰ
1646 3954 1756 4017 &m
1774 3975 1833 4007 τε
1850 3957 2018 4007 ἑαυτοῦ
2035 3955 2114 4007 καὶ
2132 3956 2197 4006 τὰ
2225 3958 2314 4007 τοῦ
2330 3956 2495 4020 δήμου.
2559 3958 2627 4013 ld

1563 4037 1665 4093 est,
1707 4033 1763 4083 in
1799 4046 1956 4082 omes
1993 4037 2160 4095 gentes
2179 4038 2278 4082 tum
2298 4034 2628 4097 quae‘cmcm',

1563 4102 1701 4172 quam
1751 4122 1855 4173 qua
1897 4109 2065 4172 populo
2106 4108 2370 4158 atributa».
2458 4108 2628 4173 Atqui

1564 4181 1845 4248 provincia
1882 4196 2060 4234 omnes
2108 4183 2311 4250 popuii,
2348 4194 2625 4250 proconsu-

1545 4261 1668 4314 lum
1688 4257 1857 4311 fuere.

2018 1837 2291 1879 accusante
2353 1828 2638 1892 provincia,
2703 1880 2715 1889 ,
