3100 4925
389 433 525 513 ι’ῖὶι.
549 429 676 525 ὀὴ

1039 425 1455 532 lanitium
1479 427 1488 432 ’
1508 423 1658 511 Lm}
1704 426 1881 526 xui.

2416 409 2479 444 1¹¹„
2544 411 2587 430 “⁸¹⁴

2410 423 2615 528 ‘1⁴ffl*

2439 520 2459 528 ,.

1395 742 1610 795 NOTAE

388 895 596 956 neque
584 886 755 951 irasci,
772 899 943 954 neque
960 886 1150 952 rumpi,
1170 891 1284 937 tum
1297 886 1456 1002 placi-

390 970 505 1016 tum
525 965 646 1036 Diis
667 973 758 1016 aut
781 971 1056 1030 acceptum
1082 965 1201 1015 est?

457 1041 562 1094 Qui
597 1041 879 1091 simillimus
917 1041 992 1091 illi
1027 1041 1264 1103 Senecae,
1305 1056 1456 1110 quem

391 1115 586 1165 adduxi
623 1132 654 1166 e
693 1117 782 1166 lib.
821 1118 887 1167 de
926 1117 1033 1166 Ira.
1101 1113 1349 1167 Ceterum
1391 1132 1457 1166 ex

387 1175 488 1242 biit:
509 1182 724 1257 potione
746 1196 979 1257 gustasse
1002 1193 1156 1243 etiam
1176 1194 1324 1243 Titus
1347 1194 1458 1243 cre-

385 1253 636 1332 debatur,
658 1271 674 1299 ‘
690 1270 1045 1320 Britannicum
1055 1269 1211 1333 juxta
1228 1257 1459 1340 cubans,

391 1337 470 1397 ait
490 1337 699 1397 Sueton.
721 1346 826 1396 Titi
847 1351 999 1397 c.11.

365 1438 372 1444 ’
457 1421 630 1474 Miror
668 1438 761 1474 cur
796 1423 970 1472 σιώαιιε
1002 1422 1305 1488 scripserit.
1340 1436 1459 1470 nam

391 1497 480 1564 ille
518 1512 641 1548 vero
669 1499 811 1562 sedit,
831 1508 891 1549 ut
924 1500 1009 1548 hic
1040 1499 1094 1547 in
1115 1499 1318 1560 Tacito,
1340 1513 1457 1547 cum

390 1571 698 1626 Britannico
716 1574 955 1625 scilicet‘
977 1574 1148 1637 simul,
1165 1589 1229 1623 ac
1250 1563 1459 1638 paribus

393 1633 694 1712 disciplinis,
716 1657 773 1699 et
795 1650 933 1714 apud
955 1649 1165 1700 eosdem
1190 1650 1458 1712 magistros

391 1722 709 1785 institutus3'
772 1729 831 1774 ut
882 1725 995 1788 ipse
1053 1725 1334 1774 Suetonius
1384 1725 1459 1774 ibi

391 1799 618 1863 scripsit.
682 1802 799 1851 Nec
823 1801 1094 1865 probabile
1125 1802 1182 1852 ιιι
1202 1802 1317 1865 pari
1339 1807 1461 1851 seta·

393 1882 450 1926 te
470 1878 644 1928 'I'itum
684 1893 840 1943 supra
868 1877 1130 1927 dominum
1162 1879 1357 1928 honore
1389 1877 1461 1927 af-

394 1949 608 2003 fectum.
674 1955 775 2002 Sed
799 1954 1057 2003 exciderit
1076 1954 1173 2004 hoc
1197 1954 1460 2017 Suetonio,

394 2043 492 2093 pro
515 2031 726 2100 vulgato
749 2045 891 2080 more
914 2030 1178 2080 scribenti.
1208 2030 1419 2094 Lipsius.
1443 2069 1450 2076 .

363 2113 370 2119 ’
407 2109 418 2118 “
457 2105 660 2155 Seneca
692 2107 759 2155 de
793 2106 898 2168 Ira,
936 2110 1078 2157 1.12.
1113 2108 1129 2136 ‘
1156 2107 1461 2157 Irascuntur

385 2174 517 2231 *boui
560 2182 656 2231 viri
696 2197 791 2247 pro
837 2197 1040 2232 suorum
1077 2182 1318 2247 injuriis3
1370 2184 1460 2233 sed

379 2251 534 2309 ‘idem
558 2258 773 2325 facient,
789 2260 838 2310 si
860 2261 1031 2310 calida
1049 2275 1151 2352 non
1175 2257 1318 2310 bene
1332 2276 1461 2350 proe·

396 2321 624 2397 beatur,’
650 2327 776 2386 διο.

361 2429 370 2434 -
462 2410 755 2475 Praecatlda]
790 2411 969 2485 Calida
992 2405 1281 2476 bibebatur,
1305 2411 1463 2463 etiam

395 2500 529 2556 pura
550 2495 606 2537 et
627 2488 870 2552 solitaria,
892 2502 989 2537 nec
1012 2489 1115 2538 ullo
1138 2489 1240 2538 alio
1257 2484 1462 2553 liquore

361 2565 689 2628 “permixta3
732 2558 823 2614 sed
865 2565 1131 2629 praecipue
1168 2564 1223 2612 ιιι
1262 2558 1462 2613 deliciis

359 2656 366 2661 ·
400 2640 568 2691 calida
588 2639 692 2691 fuit
716 2641 832 2689 vino
856 2642 1044 2691 mixta.

462 2716 773 2780 Apuleiusi.
798 2731 859 2767 ιι.
894 2717 1078 2766 ‘Fotis
1100 2732 1212 2767 mea
1240 2717 1350 2780 jam
1374 2716 1463 2795 do-

393 2791 537 2841 mina*
559 2793 789 2842 cubitum
826 2793 1050 2855 reddita,
1082 2793 1270 2856 arripit
1310 2786 1467 2857 poc'u·

367 2882 372 2889 ·
396 2867 523 2932 lum,
546 2882 608 2918 ac
632 2869 854 2932 desuper
875 2859 1049 2934 aliqua
1071 2869 1240 2919 calida
1262 2869 1464 2933 injecta

377 2943 621 3007 ‘porrigit
640 2950 700 2992 ut
721 2942 928 2992 bibam?

437 3018 611 3068 Idem
633 3018 884 3067 Plautus:
921 3020 937 3048 ‘
964 3019 1108 3072 Quos
1148 3032 1355 3083 semper
1388 3021 1463 3070 ‘vi-

397 3094 523 3145 deas
565 3094 788 3145 libentes
831 3109 947 3143 esse
992 3095 1045 3144 in
1090 3094 1464 3173 thermopolioss

381 3171 631 3221 'Mutiah
679 3171 698 3199 ‘
720 3171 838 3222 Jam
874 3170 1157 3221 defecisset
1194 3167 1464 3236 portantes

399 3232 551 3298 effla
572 3246 852 3308 ministros,
873 3247 930 3297 Si
970 3261 1072 3303 uon
1096 3253 1304 3310 potares
1340 3247 1464 3296 Sex-

385 3322 597 3387 -ιιιιιιιιε,
617 3323 851 3374 merum?

457 3399 661 3450 Tamen
699 3414 834 3465 aqua
868 3399 1060 3464 duplex
1097 3400 1272 3449 statim
1313 3400 1464 3450 initio

365 3484 587 3528 'mensae
627 3478 936 3545 ponebatur,
991 3470 1145 3529 calida
1181 3491 1369 3541 nempe
1409 3485 1464 3527 et

387 3555 598 3618 Yrigt‘du.
640 3552 652 3565 ⁹
695 3556 985 3605 Lucianus:
1051 3555 1277 3603 ‘Mensa
1335 3566 1463 3603 vero

373 3631 539 3680 ·lecto
584 3645 747 3694 prope
795 3631 1000 3681 astabat
1055 3631 1250 3680 habens
1310 3646 1464 3695 pocu-

395 3708 505 3757 lum
538 3708 593 3756 et
627 3721 809 3770 aquam
848 3715 1101 3771 paratam,
1138 3713 1193 3755 et
1224 3706 1464 3770 frigidam

398 3790 456 3851 et
519 3782 738 3833 calidam
758 3782 787 3831 ι’
844 3784 918 3833 sic
964 3790 1019 3833 et
1075 3784 1288 3833 Tacitus
1339 3785 1459 3835 hic·
1448 3821 1461 3833 .

391 3856 746 3920 ‘'Praecalida,
779 3861 876 3908 &tn
915 3859 1059 3923 potio
1096 3850 1318 3908 traditur
1348 3862 1465 3910 Bri-

357 3946 360 3949 ’
397 3933 643 3985 taunico:
699 3934 818 3983 dein
861 3941 1134 3999 postquam
1177 3935 1381 3986 fervore
1413 3953 1465 3986 a·

361 4022 368 4031 ’
399 4010 760 4077 spernabatur,
782 4010 973 4074 frigida
1008 4013 1066 4061 in
1096 4026 1226 4076 aqua
1249 4011 1464 4061 affundi-

359 4078 496 4138 “tur
509 4087 799 4137 venenum!
862 4088 968 4138 Ubi
1006 4102 1100 4151 per
1132 4090 1463 4151 potionemin-

397 4163 567 4228 telligi
591 4163 766 4214 debet
809 4178 941 4228 aqna
982 4163 1136 4213 calida
1173 4163 1294 4213 vino
1331 4170 1465 4227 “per-

381 4240 581 4303 ‘mixta‚
604 4254 718 4306 quae
741 4239 891 4289 nimis
908 4239 1081 4291 calida
1102 4237 1236 4301 fuit·
1220 4274 1235 4299 ,
1269 4245 1324 4288 et
1346 4239 1464 4289 ideo

356 4310 514 4369 “dani
555 4320 768 4368 recusat
787 4318 799 4342 '·
808 4315 1133 4383 remittitque
1183 4308 1465 4367 'Britanni-

1531 902 1633 937 cus
1667 886 1920 950 ministro,
1963 886 2052 952 qui
2094 886 2232 958 baud
2281 886 2463 938 dubie
2456 894 2609 964 tuq«

1529 961 1664 1013 scius
1688 964 1791 1014 doli
1826 962 1943 1038 fuit,
1976 969 2075 1012 non
2111 969 2281 1014 tamen
2305 962 2442 1013 forte
2463 969 2601 1062 γῆς

1534 1047 1784 1112 gustator.

1600 1105 1779 1187 ltaque
1803 1115 2024 1188 calidam
2046 1121 2297 1165 renuente
2339 1115 2604 1172 Britanni·

1508 1206 1613 1256 ·co‚
1632 1193 1715 1241 vel
1753 1206 1938 1241 novam
1971 1181 2234 1256 potionem
2269 1205 2445 1257 aquae
2437 1180 2600 1264 w?

1532 1269 1632 1331 dae,
1668 1268 1720 1338 in
1749 1283 1849 1333 qua
1880 1268 2017 1318 virus
2050 1274 2160 1318 tum
2200 1266 2493 1332 affund'unt,
2511 1268 2598 1342 vel
2690 1281 2707 1294 “

1532 1345 1676 1409 prius
1700 1344 1915 1394 affusum
1933 1350 2066 1407 erat,
2085 1345 2184 1409 ipsi
2203 1344 2468 1396 exhibent.

1596 1423 1696 1469 Vel
1740 1436 1874 1486 aqua
1914 1420 2124 1485 frigida,
2167 1421 2260 1471 sed
2317 1423 2600 1492 venenata,

1531 1504 1830 1562 temperant
1874 1499 2087 1562 primam
2129 1497 2268 1546 illam
2316 1498 2602 1568 potionem,

1532 1590 1649 1640 quae
1674 1575 1820 1623 nimis
1853 1572 2201 1633 fervescebat,
2241 1579 2296 1623 et
2319 1588 2472 1638 quam
2497 1585 2601 1623 non

1532 1652 1826 1715 praelibavit
1863 1651 2099 1700 delectus
2130 1650 2215 1698 ille
2250 1650 2505 1710 minister,
2540 1654 2603 1701 tit

1533 1727 1621 1791 qui
1653 1727 1764 1790 jam
1803 1725 2132 1789 praelibasset
2168 1724 2338 1787 ipsum
2376 1725 2601 1774 eundem

1509 1805 1771 1863 'calicem,
1798 1818 1949 1868 quem
1971 1817 2144 1851 rursus
2178 1809 2232 1850 et
2256 1802 2428 1852 statim
2451 1793 2605 1852 obtu-

1534 1882 1646 1929 lere
1669 1880 1995 1940 Britaunico‚
2017 1879 2162 1943 quasi
2184 1893 2361 1942 parum
2384 1878 2600 1943 liquoris

1535 1956 1769 2006 additum
1793 1963 1948 2014 esset,
1971 1967 2068 2004 nec
2088 1949 2332 2004 referret.
2562 1959 2571 1974 ⁵

1599 2034 1699 2082 Vel
1743 2032 1876 2082 forte
1921 2035 2126 2083 delectus
2170 2033 2255 2082 ille
2298 2031 2601 2096 praelibatur

1534 2124 1638 2158 non
1662 2100 1970 2173 praelibabat
1995 2110 2275 2172 potionem,
2301 2101 2503 2174 quoties
2523 2110 2601 2161 bi-

1536 2187 1687 2236 beret
1703 2185 1912 2249 juvenis
1933 2186 2195 2250 princeps,
2213 2193 2267 2235 et
2291 2186 2435 2250 pueri
2458 2185 2603 2236 nobi·

1537 2263 1613 2311 les
1641 2263 1726 2325 qui
1768 2277 1884 2311 cum
1920 2277 1984 2310 eo
2021 2262 2399 2312 accumbebant
2420 2262 2602 2317 iisdem

1536 2340 1704 2402 epulis
1728 2355 1742 2398 ;
1778 2338 1869 2388 sed
1893 2339 2041 2387 simul
2064 2345 2119 2388 et
2143 2339 2298 2387 semel
2318 2336 2457 2388 forte
2479 2346 2603 2390 ante

1509 2441 1514 2446 ·
1536 2415 1847 2479 convivium,
1870 2415 1989 2465 dum
2011 2416 2412 2479 disponerentur
2433 2414 2604 2475 calda,

1537 2494 1728 2553 vinum,
1751 2494 1957 2557 pocula,
1988 2500 2043 2542 et
2075 2493 2301 2557 reliquus
2335 2493 2601 2557 epularum

1536 2579 1836 2634 apparatus,
1857 2585 1920 2618 ex
1953 2583 2076 2619 vase
2112 2564 2372 2632 potionem
2402 2569 2605 2618 nniver-

1537 2654 1644 2696 sam
1668 2647 1818 2696 initio
1840 2647 2167 2721 praelibabat,
2181 2645 2317 2694 unde
2340 2640 2603 2695 haurirent

1536 2724 1775 2786 ministri,
1811 2730 1866 2772 et
1888 2718 2120 2797 omnibus
2144 2721 2373 2772 convivis
2394 2722 2604 2773 exhibe·

1537 2805 1672 2848 rent.

1602 2877 1798 2925 Ferunt
1823 2890 1888 2924 ex
1925 2873 2105 2923 eadem
2141 2874 2370 2937 potione,
2408 2868 2602 2923 bibisse

1535 2950 1729 3012 Titum,
1752 2950 1840 3014 qui
1859 2949 2008 2997 simul
2027 2964 2143 2997 cum
2162 2944 2469 2998 Britannico
2483 2941 2601 3001 'tum

1538 3025 1899 3076 accumbebat.
1964 3025 2021 3074 Si
2043 3026 2141 3074 hoc
2167 3038 2343 3073 verum
2367 3018 2602 3088 sit,'tota

1536 3104 1780 3164 ampliora
1822 3115 1912 3150 seu
1956 3107 2128 3150 crater
2192 3114 2340 3164 aquae
2379 3098 2606 3164 frigide,

1535 3178 1683 3226 initio
1705 3192 1891 3226 mensae
1916 3177 2039 3240 poni
2075 3176 2260 3239 solitae,
2284 3176 2360 3226 sic
2378 3174 2603 3226 infectus

1536 3246 1679 3302 totus
1701 3267 1901 3300 veneno
1924 3251 2108 3301 fuisset
2128 3268 2140 3300 τ
2177 3258 2231 3302 et
2259 3252 2372 3314 tali,
2394 3257 2602 3318 tamque

1536 3330 1721 3393 rapido
1743 3343 1942 3377 veneno
1966 3328 2134 3392 perire
2165 3328 2356 3391 subito,
2391 3328 2603 3394 rapique

1507 3426 1512 3429 ·
1534 3419 1640 3455 una
1660 3404 1952 3453 debuerunt
1973 3417 2146 3451 omnes
2169 3402 2256 3467 qui
2281 3402 2554 3453 bibissent.

1604 3482 1758 3530 Forte
1782 3481 1873 3529 soli
1910 3479 2214 3530 Britannico
2237 3484 2294 3528 et
2323 3479 2440 3529 'rito
2475 3485 2603 3529 tem-

1539 3562 1722 3620 perata
1750 3563 1832 3605 est
1870 3556 2012 3619 potio
2035 3553 2334 3604 fervescens
2354 3556 2445 3605 illa
2469 3552 2604 3622 aqua

1536 3631 1742 3695 frigida,
1779 3647 1893 3697 quae
1940 3628 2094 3680 noxia
2134 3630 2280 3693 er'ut3
2326 3635 2382 3680 et
2408 3628 2602 3697 'parum

1534 3708 1705 3756 hausit
1736 3706 1902 3766 Titus,
1943 3705 2082 3755 forte
2125 3705 2416 3756 admonitus
2457 3707 2605 3756 terti·

1537 3792 1726 3849 tusque
1748 3799 1872 3833 casu
1895 3782 2200 3846 Britannici,
2218 3789 2276 3831 ut
2300 3790 2356 3832 et
2378 3782 2464 3833 alii
2496 3798 2602 3834 om·

1538 3874 1667 3922 neS,
1653 3877 1667 3890 ·
1703 3862 1783 3909 vel
1809 3855 1930 3909 casu
1953 3865 2010 3910 et
2028 3859 2228 3908 meliori
2248 3857 2376 3911 fato.

1604 3937 1675 3986 Et
1698 3936 1762 3986 ad
1786 3935 1994 4002 aliquod
2029 3935 2254 4001 spatium
2293 3936 2601 4002 interruptae

1538 4014 1727 4076 epulae,
1765 4012 1887 4061 dum
1933 4018 2101 4061 metus
2141 4017 2365 4076 occupat
2406 4012 2603 4075 animos

1509 4098 1514 4103 ’
1538 4089 1805 4152 utriusque
1818 4088 2068 4178 convivii,
2089 4087 2212 4136 dum
2234 4085 2468 4136 aufertur
2486 4087 2604 4136 Bri-

1538 4167 1775 4215 tannicus
1806 4165 1917 4228 Jam
1951 4164 2175 4237 cadaver
2199 4169 2256 4213 et
2276 4161 2448 4226 funus,
2470 4162 2601 4212 adeo

1537 4242 1839 4312 violentum,
1862 4255 2075 4306 soevum,
2093 4245 2151 4290 et
2171 4236 2408 4304 rapidum
2448 4248 2604 4289 vene·

1538 4329 1662 4366 num
1681 4314 1803 4368 fuit.
1894 4330 1899 4333 ²
2476 4372 2483 4377 p
2542 4314 2566 4361 ἢ
