3100 4925
1102 415 1512 472 Amumuu
1551 396 1710 470 mn.
1757 421 1933 471 xm.
2454 405 2630 472 1525

431 561 534 629 ris'
553 556 904 647 caperent,i
927 563 1036 627 ‘vel
1073 581 1299 645 poenae
1321 559 1741 645 'ii-rogarent?
1828 562 1995 630 Ean
2039 561 2396 631 Helvidius
2441 566 2633 631 Pris-

433 659 942 744 cuS,'Tribunus
963 664 1199 747 plebis,
1232 663 1550 729 adversus
1582 664 2071 731 Obuluomums
2098 667 2629 746 Sabinulmaerae

429 767 509 831 rii
556 764 1001 844 Quaestorem,
1036 765 1486 888 contentiones
1530 762 1870 849 proprias&
1913 767 2230 845 exercuit,
2261 772 2628 853 “tanquam

430 394 760 491 mewa*

430 978 569 1032 noris
603 985 881 1042 sumerent,
943 979 1027 1030 vel
1067 994 1231 1043 poenae
1269 979 1609 1055 imperarent.
1697 980 1811 1030 Ideo
1855 979 2108 1029 Helvidius
2152 979 2364 1042 Priscus,
2402 978 2621 1030 tribum

2361 1058 2486 1093 orem
2505 1059 2628 1093 aera-

422 1039 589 1105 plebis,
619 1043 827 1107 propriis
849 1045 1057 1106 jurgiis·
1066 1044 1321 1107 contendit,
1356 1047 1580 1093 mersus
1602 1044 1932 1093 Obultronium
1949 1044 2192 1108 Sabinum,
2211 1014 2364 1106 φιρστ,

427 1107 510 1173 rii,
532 1109 675 1172 quasi
708 1108 971 1158 licentiam
996 1109 1282 1159 sectionum
1305 1109 1551 1159 atrociter
1568 1107 1865 1158 intenderet
1885 1108 2130 1159 adversus
2153 1120 2426 1172 pauperes.
2491 1107 2629 1157 Exin

1346 1253 1704 1273 ‘ecmonoeo

492 1353 525 1397 4
555 1345 611 1400 J.
625 1349 697 1398 ·.F
722 1348 1015 1398 Gronovius
1037 1363 1133 1411 pro
1156 1364 1207 1397 eo
1230 1348 1360 1412 legit
1382 1353 1445 1397 et.
1443 1351 1540 1396 —5
1577 1347 1813 1398 SicMss
1827 1349 1966 1398 Flor.
1989 1354 2045 1399 et
2065 1348 2199 1398 Bud.
2223 1347 2288 1396 In
2307 1346 2438 1396 Mss.
2464 1345 2616 1396 Harl.

423 1411 577 1462 Bodl.
592 1412 702 1462 Jes.
728 1411 1050 1462 Obultronum.
1068 1414 1171 1462 Ms.
1195 1415 1321 1475 Reg.
1345 1418 1402 1461 et
1424 1411 1676 1461 editiones
1709 1421 1935 1475 veteres,
1960 1412 2374 1462 Obutronium.1n
2396 1410 2629 1499 Inscrip-

427 1474 650 1526 tionibus
665 1476 927 1526 veteribus
951 1484 1283 1541 memoratur,
1309 1476 1614 1525 Obultronium
1638 1478 1903 1542 Eucarpus.
1937 1478 2169 1526 Brotier.

1416 1601 1635 1652 NOTAE

422 1713 551 1764 pore
583 1713 760 1751 creare
798 1700 1031 1751 tribunos
1065 1700 1249 1765 plebis,
1286 1700 1352 1750 de
1376 1700 1488 1770 qui·
1567 1707 1622 1749 et
1646 1698 2007 1763 praescriptum
2044 1703 2184 1749 esset
2215 1697 2358 1761 ipsis,
2379 1702 2628 1762 quantum

421 1776 637 1842 busjam
664 1778 860 1828 dictum
896 1786 993 1842 est,
1027 1780 1295 1843 petierunt
1327 1779 1485 1828 etiam
1551 1776 1773 1834 ,mulctae
1808 1776 2118 1839 irrogarent,
2142 1780 2198 1824 et
2218 1780 2280 1823 ut
2298 1773 2435 1822 haud
2467 1772 2628 1822 dubie

421 1852 521 1902 sibi
544 1868 575 1902 a
606 1861 791 1904 senatu
825 1854 1081 1916 permitti,
1116 1859 1176 1902 ut
1210 1854 1487 1919 quotannis
1565 1852 1733 1901 minus
1766 1853 2028 1914 saevirent,
2063 1850 2182 1899 hinc
2218 1849 2377 1899 sumit
2399 1848 2628 1898 occasio-

421 1918 550 1979 duos
585 1944 615 1978 e
652 1930 803 1994 plebe
836 1936 1094 1992 crearent,
1133 1928 1485 1978 subministra·
1543 1935 1685 1975 ‘nem
1719 1925 1996 1975 Helvidius
2028 1924 2306 1974 exercendi
2342 1924 2629 1973 contentio-

421 2010 566 2055 tnros
609 2006 847 2068 tribunis,
885 2004 1127 2070 quicquid
1160 2019 1289 2067 opus
1326 2009 1485 2068 esset,
1566 2016 1657 2051 nes
1699 2000 1939 2065 proprias
1976 1999 2223 2052 adversus
2263 1998 2629 2056 Obultronium

418 2085 474 2131 et
516 2080 638 2130 lites
678 2081 946 2129 nonnullas
1001 2093 1178 2129 eorum
1236 2079 1489 2143 dijudica-

416 2158 578 2219 turos,
642 2156 932 2220 aediumque
1008 2170 1287 2218 sacrarum,
1348 2157 1485 2205 loco-

416 2244 529 2280 rum
574 2229 917 2295 publicorum,
955 2239 1112 2296 atque
1147 2245 1362 2280 annonae
1399 2246 1485 2280 cu-

418 2306 529 2356 ram
569 2306 858 2357 habituros.
946 2308 1066 2358 Quo
1114 2321 1207 2370 per
1249 2314 1483 2355 senatum

417 2393 679 2448 concesso,
721 2397 809 2433 eos
849 2388 1175 2444 creaverunt,
1208 2396 1335 2445 quos
1373 2387 1483 2430 tum

369 2492 382 2499 „
415 2457 674 2509 ministros
698 2466 754 2508 et
775 2458 940 2509 socios
963 2457 1286 2508 tribunorum
1309 2472 1372 2507 ac
1393 2457 1481 2521 ju-

417 2531 558 2585 dices
577 2534 949 2599 appellabant!

478 2609 495 2643 ¹
521 2610 743 2672 Pignoris
766 2608 1009 2674 caperent]
1028 2608 1244 2658 Sueton.
1266 2609 1375 2660 sul:
1401 2612 1479 2660 1⁷.

415 2686 432 2712 ‘
455 2684 692 2736 Vestiam
710 2687 1009 2750 pignoribus
1028 2686 1210 2749 captis,
1231 2692 1287 2735 et
1308 2686 1480 2749 direp-

420 2765 478 2810 ta
533 2762 881 2826 supellectile,
946 2763 1081 2811 male
1136 2761 1481 2824 mulctatum,'

419 2840 521 2887 διο.
554 2837 660 2899 Ita,
687 2838 879 2904 'siquis
918 2838 1114 2887 consuli
1150 2845 1242 2887 aut
1268 2838 1483 2901 praetori

420 2914 523 2964 'non
548 2914 949 2978 obtemperaret,
963 2914 1175 2962 lictores
1209 2914 1484 2963 mitteban-

411 2994 520 3051 tur,
554 2990 640 3053 qui
675 2990 863 3053 pignus
898 2989 1189 3052 exigerent,
1213 2990 1294 3038 vel
1320 2990 1478 3039 etiam

410 3062 571 3113 fabris
594 3064 858 3124 adhibitis,
879 3062 1019 3113 fores
1040 3062 1405 3129 effringerent,
1423 3070 1479 3115 et

406 3141 786 3204 supellectilem
808 3140 1116 3204 diriperent.

472 3216 561 3265 Sic
584 3221 640 3265 et
664 3215 863 3277 aediles,
886 3215 928 3263 si
951 3215 1077 3279 quid
1101 3220 1373 3278 peecatum
1398 3215 1475 3265 fo-

410 3297 493 3340 ret
514 3290 667 3354 iniis,
688 3305 803 3355 quae
827 3290 892 3339 ad
916 3290 1118 3338 illorum
1135 3291 1333 3339 'munus
1358 3304 1474 3354 per-

409 3365 654 3430 tinerent,
701 3367 908 3428 damno,
940 3379 1033 3414 seu
1076 3365 1290 3430 pignore
1336 3366 1477 3416 coet-

408 3446 530 3491 cere
574 3449 875 3506 potueruut.
947 3441 1035 3491 Sic
1073 3449 1131 3495 et
1174 3441 1472 3505 pignoribus

407 3520 647 3568 mulctati
687 3526 879 3582 patres,
902 3518 992 3583 qui
1029 3517 1083 3566 in
1099 3524 1331 3567 senatum
1367 3533 1472 3567 non

410 3595 675 3644 venirent.

471 3670 593 3719 Non
611 3670 784 3732 video,
800 3668 888 3734 qui
911 3667 1160 3718 differant
1190 3668 1276 3717 hic
1295 3669 1474 3732 pignus

405 3752 461 3795 et
497 3747 686 3795 mulcta.
754 3744 870 3794 Nisi
906 3744 1044 3808 quod
1086 3745 1346 3807 absentes,
1381 3751 1475 3794 aut

404 3821 710 3871 omittentes
747 3819 1030 3883 quidpiam,
1066 3820 1239 3870 statim
1275 3821 1474 3884 pignore

405 3904 562 3960 capto
606 3895 932 3957 coercerent,
977 3897 1089 3944 sine
1139 3897 1232 3945 lite
1277 3910 1472 3958 praece-

404 3971 590 4033 dente3
642 3973 819 4020 mulcta
848 3984 973 4019 vero
1010 3971 1330 4020 indiceretur
1355 3979 1474 4034 post

398 4047 549 4098 litem
577 4048 897 4112 judicatam;
955 4054 1012 4096 et
1045 4048 1226 4109 pignus
1264 4048 1470 4097 restitui

400 4136 521 4173 mox
544 4124 736 4186 potuit,
751 4132 857 4171 'non
882 4137 1006 4170 vero
1031 4123 1221 4172 ηηιλστα.

470 4199 488 4245 ³
513 4199 612 4265 Eo]
643 4200 710 4250 Id
733 4206 844 4262 est,
869 4210 986 4247 cum
1024 4201 1466 4251 senatusconsulto

396 4282 667 4331 coarctata
707 4275 894 4329 fuisset
932 4274 1177 4326 AEdilium
1209 4281 1462 4341 potestas,

1568 2084 1898 2142 quaestorem,
1936 2082 1995 2152 nt
2029 2078 2189 2127 etiam
2227 2076 2471 2126 coercere
2510 2090 2627 2139 pos·

1568 2160 1652 2202 set
1703 2153 2037 2203 atrocitatem
2097 2158 2155 2203 et
2195 2152 2445 2203 soeviti'am
2487 2152 2626 2202 illius

1565 2229 1875 2355 haga-cium
1897 2305 2143 2367 quaestoris
2165 2302 2268 2354 fuit
2288 2301 2514 2353 vendere
2535 2302 2627 2352 bo-

1506 2395 1519 2406 ·
1560 2393 1632 2430 na
1662 2381 1943 2444 publicata,
1966 2387 2023 2430 et
2044 2394 2109 2429 ex
2128 2379 2189 2430 iis
2221 2379 2494 2443 pecuniam
2514 2376 2629 2428 fac·

1561 2462 1669 2506 tam
1691 2456 1746 2505 in
1770 2456 2004 2506 aerarium
2043 2455 2295 2521 redigere,
2318 2461 2377 2504 et
2400 2453 2492 2504 illa
2513 2454 2625 2518 pig-

1560 2546 1687 2581 nora
1745 2534 2084 2598 mulctasque,
2143 2547 2269 2597 quas
2331 2531 2626 2580 sanxissent

1560 2609 1737 2673 aediles,
1752 2609 1961 2672 exigere
1979 2625 1993 2658 ε
2029 2607 2165 2673 quod
2178 2621 2280 2657 nou
2300 2607 2472 2670 potuit
2484 2620 2623 2670 saepe

1558 2683 1693 2745 fieri,
1712 2684 1836 2748 quin
1871 2684 2121 2734 venderet
2154 2685 2289 2734 bona
2324 2689 2415 2732 aut
2452 2683 2625 2746 supel-

1558 2759 1754 2808 lectilia
1779 2759 2158 2824 damnatorum,
2181 2765 2237 2810 et
2269 2765 2379 2809 tum
2393 2759 2482 2822 jus
2510 2758 2625 2808 has·

1562 2840 1632 2884 tae
1654 2834 2014 2887 inclementius
2035 2839 2266 2901 quaestor
2287 2834 2515 2897 augebat
2534 2833 2622 2882 ad—

1562 2926 1743 2961 versus
1779 2912 1979 2976 inopes,
2019 2910 2158 2976 quod
2195 2911 2439 2961 coercere
2477 2924 2625 2961 occa·

1561 2987 1704 3048 sione
1742 2986 1872 3037 data
1904 2986 2177 3036 Helvidius
2208 2985 2439 3048 Priscus,
2473 2990 2528 3034 et
2549 2984 2622 3034 sic

1561 3062 1698 3112 bono
1719 3060 1926 3126 publico
1941 3064 2229 3125 consulere,
2249 3061 2428 3113 voluit.

1622 3137 1648 3173 ¹¹
1683 3141 2013 3190 Contentiones
2028 3140 2273 3204 proprias]
2318 3139 2622 3190 Contentio-

1559 3229 1653 3265 nes
1675 3216 1775 3265 illae
1791 3217 2018 3279 propriae,
2034 3217 2117 3265 vel
2137 3216 2427 3265 tribunatus
2446 3216 2619 3276 illius,

1560 3305 1677 3340 nam
1695 3291 1874 3340 debuit
1894 3292 2128 3341 tribunus
2144 3291 2311 3354 plebis
2332 3306 2426 3354 pro
2445 3299 2619 3354 potes-

1560 3375 1671 3419 tate
1705 3385 1798 3419 sua
1828 3369 1933 3419 vim
1964 3369 2236 3433 prohibere
2261 3384 2293 3416 a
2315 3368 2512 3417 civibus
2548 3368 2623 3417 in-

1557 3441 1759 3503 validis,
1789 3451 1845 3493 et
1883 3442 1971 3507 qui
2006 3442 2420 3506 opprimerentur
2441 3442 2505 3491 ab
2527 3442 2620 3492 im·

1558 3519 1734 3583 probis
1756 3525 1812 3569 et
1833 3518 2231 3582 potentioribus.

1622 3594 1781 3644 Forte
1800 3593 1997 3657 propria
2035 3592 2190 3641 etiam
2226 3591 2385 3655 ipsius
2406 3591 2618 3656 ingenii.

1556 3668 1652 3717 Ille
1676 3669 1870 3733 quippe
1893 3675 2054 3717 tenax
2078 3666 2214 3716 recti
2236 3673 2292 3717 et
2309 3667 2567 3717 libertatis
2588 3681 2620 3715 a

1555 3750 1757 3806 natura,
1799 3750 1853 3793 et
1891 3743 1986 3808 qui
2021 3742 2311 3792 istiusmodi
2356 3742 2617 3793 sectorum

1555 3820 1941 3884 improbitatem
1994 3825 2048 3869 et
2087 3819 2256 3869 scelus
2298 3815 2615 3885 magnopere

1552 3903 1897 3946 aversaretur.

1560 3960 1844 4062 Proprioe·
1860 3977 2026 4023 tantae
2049 3970 2259 4022 virtutis
2278 3971 2381 4020 illas
2403 3976 2615 4020 conten-

1552 4050 1738 4113 tiones,
1760 4049 1952 4115 quippe
1974 4049 2166 4099 bonum
2185 4049 2448 4112 publicum
2473 4044 2615 4097 Pris-
2644 4042 2663 4059 '⁸

1550 4133 1659 4187 cus,
1693 4133 1751 4175 ut
1787 4133 2039 4188 suum,<ut
2075 4126 2319 4190 proprium
2351 4122 2615 4188 spectavit

1550 4212 1756 4265 semper
1777 4216 1792 4261 ;
1840 4201 2010 4249 donec
2047 4200 2257 4250 tandem
2298 4214 2394 4263 pro
2427 4199 2613 4263 repub-

1544 4277 1650 4328 lica
1670 4276 1782 4342 ipsa
1799 4276 1995 4327 tuenda
2016 4277 2177 4326 vitam
2199 4276 2543 4342 impenderet.
