3100 4925
452 388 629 459 1286
1055 433 1062 439 .
1166 404 1240 451 o.
1281 398 1651 451 constan
1697 401 1953 450 'raor‘rr

453 552 573 639 qui
626 572 711 617 ea
764 550 1038 617 vincula
1054 547 1486 626 admovebat,
1517 546 1876 612 decidisse⁵
1906 547 2251 626 simulans,
2271 567 2486 631 genua
2527 548 2666 614 Mi-

455 654 758 720 thridatis
785 652 1090 730 invadit‚⁰
1117 652 1477 735 ipsumque
1522 652 1911 735 prosternit:
1946 651 2301 735 simulque,
2334 664 2669 717 concursu

451 754 759 845 plurium,
802 754 1187 839 injiciuntur
1242 759 1520 831 catenae,
1580 771 1663 817 ac
1707 747 2087 837 compede⁶f
2121 750 2338 838 (quod
2379 752 2663 818 dedeco-

2343 405 2436 470 [A.
2459 407 2530 459 U.
2551 412 2667 463 805.
2697 435 2702 441 ·

449 910 653 955 aarum.
717 903 816 953 Sed
829 908 942 953 tunc
957 902 1037 967 qui
1058 870 1164 953 eum
1181 904 1351 952 nodum
1371 902 1690 964 astringebat,
1710 903 1929 952 cecidisse
1940 903 2156 968 fingens,
2172 917 2331 964 genua
2355 902 2669 952 Mithridatis

450 975 664 1034 occupat,
684 968 922 1034 ipsumque
943 968 1055 1019 solo
1075 968 1283 1033 affligit.-
1315 968 1545 1030 dmalqu
1576 982 1772 1017 “cursu
1803 970 2057 1017 multorum
2090 968 2320 1017 induntur
2341 968 2443 1031 ipsi
2472 967 2663 1018 vincula

1378 1110 1673 1131 WOOmOO
1677 1111 1735 1130 θ’

448 1209 583 1274 Reg.
623 1212 689 1260 ad
725 1209 1041 1261 maicone-5
1075 1209 1290 1262 Amicus
1333 1211 1563 1262 malebat
1603 1173 1843 1262 cecidisse.
1892 1210 2243 1274 Ryckius.-6
2276 1209 2382 1260 Ms.
2423 1208 2559 1273 Reg.
2603 1213 2662 1260 et

448 1274 610 1324 editio
638 1276 900 1341 princeps,
936 1275 1215 1352 &vicinatur
1247 1281 1424 1325 catenoe
1454 1278 1517 1326 ad
1547 1278 1800 1341 compedes.
1866 1275 2185 1324 Puteolanus
2226 1274 2661 1351 et.recentiores,

447 1338 2662 1468 afflata&ssz‘ssffivffsszxtssm’fflsssmff’§faurama

446 1480 608 1532 usque
629 1466 853 1532 Lipsius,
873 1484 930 1518 ac
945 1440 1191 1532 compede.'
1235 1470 1356 1519 Hoc
1373 1441 1721 1519 enim'servile
1746 1483 1808 1519 ac
1831 1441 2150 1534 pecuariu'am.
2213 1468 2452 1519 Juvenal.
2475 1479 2551 1518 ιν.
2574 1470 2659 1516 80.

1455 1609 1670 1660 NOTA-3

446 1713 536 1750 cos
553 1701 925 1766 sanguine,qui
957 1703 1078 1753 inde
1110 1702 1357 1769 fluxerat,
1381 1705 1506 1755 deli·
1590 1710 1770 1756 rerent
1797 1702 2264 1769 trucidarentque.'

443 1776 616 1840 butoS,
656 1784 859 1842 septem
901 1779 1163 1842 lapidibus
1205 1781 1506 1844 delinirent,
1670 1781 1692 1813 f
1718 1783 2007 1845 Injiciuntur
2061 1784 2256 1842 catenoe,
2303 1794 2360 1828 ac
2414 1768 2654 1840 compede]

442 1853 662 1919 diroque
721 1855 945 1906 carmine
1010 1857 1064 1906 in
1120 1858 1508 1908 execrationem
1588 1860 1757 1924 Vulgo
1767 1861 2003 1923 cornipedes
2010 1874 2030 1916 ,·
2044 1863 2098 1907 et
2117 1855 2244 1906 haesi
2270 1853 2511 1919 equidem
2535 1853 2658 1903 olim

443 1930 628 1994 capitis
645 1930 798 1995 illius,
814 1933 903 1996 qui
916 1933 1508 1998 contrairet,edito,'pa-
1588 1936 1641 1986 in
1678 1937 1757 1986 his
1795 1936 2017 1986 vinclis:
2052 1935 2191 1984 unde
2225 1931 2378 1983 facile
2403 1945 2486 1981 me
2518 1944 2657 1979 nunc

446 2006 588 2056 ribus
612 2008 746 2057 votis
767 2008 965 2058 foedera
987 2016 1340 2073 percuterent.
1592 2012 1836 2075 expedio,
1852 2011 2144 2075 scriboque:
2162 2009 2445 2070 injiciantur
2457 2012 2661 2056 catena.-

511 2081 734 2145 Scythis,
792 2082 1038 2145 grandem
1094 2083 1310 2134 calicem
1365 2099 1511 2135 mero
1591 2101 1647 2135 ac
1685 2088 1914 2150 compede,
1942 2087 2063 2149 quod
2100 2085 2373 2133 dedecorum
2408 2081 2663 2147 Barbarie,

445 2156 674 2220 plenum,
703 2158 869 2206 mutui
903 2158 1159 2223 sanguinis
1181 2158 1299 2209 fuso
1323 2175 1510 2212 cruore

443 2232 683 2295 miscere,
705 2239 761 2281 et
783 2240 1062 2299 postquam
1095 2235 1322 2299 gladium
1345 2245 1399 2288 et
1434 2254 1510 2288 sa·

444 2308 607 2371 gittas
635 2323 699 2357 eo
732 2309 1090 2376 perfuderant,
1126 2311 1255 2362 illud
1287 2314 1513 2364 invicem

445 2389 682 2448 epotare,
726 2385 1005 2447 maximum
1056 2392 1172 2437 erat
1217 2389 1511 2439 concordiae

442 2457 723 2510 vinculum.

514 2534 763 2598 Cruorem]
798 2535 941 2587 Mela
963 2552 1003 2588 1.
1027 2542 1076 2588 1.
1099 2538 1191 2589 ubi
1207 2539 1272 2590 de
1292 2541 1510 2607 Scythia

445 2608 701 2673 Europaea
715 2626 729 2659 ε
744 2612 761 2638 ‘
783 2611 867 2661 Ne
888 2611 1088 2662 foedera
1112 2613 1321 2679 quidem
1338 2616 1508 2668 incru-

443 2692 568 2735 enta
589 2693 738 2735 sunt:
775 2687 1012 2738 sauciant
1044 2703 1119 2754 se,
1134 2690 1226 2755 qui
1245 2692 1509 2756 paciscun-

441 2767 549 2825 tur,
602 2768 969 2828 exemtumque
1028 2766 1350 2833 sanguinem,
1414 2769 1507 2820 ubi

415 2843 807 2907 permiscuere,
838 2843 1135 2909 degustant.
1201 2847 1266 2896 Id
1313 2854 1505 2914 putant

438 2933 691 2974 mansurae
710 2919 833 2969 fidei
857 2922 1041 2983 pignus
1064 2923 1444 2986 certissimum!

504 3001 528 3028 ⁶
552 2997 722 3045 Genua
743 2997 1053 3045 Mithridatis
1068 2997 1279 3061 invadit]
1325 3000 1502 3050 Simile

439 3071 565 3138 quid
596 3072 893 3135 inApuleio
917 3073 1006 3121 lib.
1030 3086 1111 3123 rx.
1153 3073 1287 3124 Met.
1304 3075 1322 3102 ‘
1338 3076 1502 3126 Simu-

435 3147 550 3196 lans
572 3161 646 3210 se,
680 3147 745 3196 ad
789 3149 1210 3199 commovendam
1251 3151 1504 3203 miserati-

436 3238 607 3288 onem,
646 3225 783 3274 velle
815 3240 986 3288 genua
1032 3227 1146 3291 eJus
1182 3229 1502 3296 contingere,

434 3300 712 3354 submissus
732 3308 891 3366 atque
924 3302 1243 3369 incurvatus,
1277 3309 1503 3372 arreptis

436 3377 657 3442 pedibus
682 3377 793 3441 ejus
816 3377 1070 3443 utrisque,
1092 3379 1363 3433 sublimem
1397 3384 1504 3435 ela-

434 3457 550 3512 tum
572 3461 728 3506 terrae
749 3455 980 3520 graviter
999 3458 1306 3521 applaudit!

500 3534 990 3592 GenaaMithridatis
1007 3537 1219 3600 invadit]
1254 3539 1339 3590 Sic
1367 3539 1504 3592 infra

432 3609 692 3672 conjurati
732 3613 996 3662 Neronem
1025 3613 1275 3663 invadere
1310 3617 1503 3680 cogita-

433 3682 577 3748 bant,
628 3685 719 3736 lib.
740 3700 835 3737 xxi.
856 3692 936 3737 53.
973 3688 989 3715 ‘
1014 3687 1271 3740 Ordinem
1302 3690 1502 3742 insidiis

431 3769 853 3824 composuerant,
898 3770 957 3813 ut
999 3765 1310 3830 Lateranus,
1356 3768 1500 3831 quasi

430 3834 718 3887 subsidium
738 3837 813 3886 rei
834 3835 1075 3888 familiari
1091 3846 1287 3903 oraret,
1310 3842 1498 3906 depre-

430 3911 715 3975 cabundus,
735 3919 792 3964 et
827 3913 1040 3977 genibus
1072 3916 1323 3981 principis
1358 3918 1495 3969 acci-

432 3986 581 4051 dens,
637 3996 992 4053 prosterneret
1032 3991 1319 4057 incautum,
1375 4009 1492 4058 pre-

429 4070 700 4128 meretque
736 4065 895 4118 animi
928 4066 1149 4130 validus,
1181 4074 1237 4119 et
1276 4083 1492 4134 corpore

430 4138 630 4206 ingens.
667 4142 798 4194 Tum
821 4142 1090 4206 jacentem
1111 4150 1169 4195 et
1187 4144 1494 4211 impeditum

430 4213 629 4274 tribuni
666 4220 724 4270 et
758 4216 1109 4288 centuriones,
1160 4220 1262 4280 &c-
1315 4236 1494 4275 accur·

1591 2160 1886 2210 trahebatur.

1657 2237 1743 2288 Ad
1767 2252 1960 2288 morem
1979 2237 2264 2285 Romanum
2292 2232 2510 2285 Tacitus
2545 2245 2661 2282 nar·

1591 2322 1692 2366 rat.
1757 2313 1991 2378 Injectae,
2011 2310 2199 2375 inquit,
2233 2316 2469 2361 catenae:
2503 2307 2659 2358 immo

1592 2400 1649 2443 et
1671 2391 1897 2454 oblonga
1917 2386 2172 2453 compede
2215 2400 2310 2451 per
2350 2386 2487 2435 viam
2523 2390 2658 2434 trac·

1593 2478 1696 2521 tus.
1764 2471 1872 2523 Qui
1904 2469 2033 2518 ritus
2068 2465 2207 2530 apud
2242 2467 2499 2515 Romanos
2546 2463 2656 2529 qni·

1592 2547 1709 2596 dem
1729 2551 1973 2609 receptus
1990 2549 2071 2592 est
2084 2543 2136 2591 in
2157 2541 2395 2591 custodia
2415 2541 2657 2604 militari;

1591 2628 1648 2673 et
1680 2622 1818 2686 apud
1858 2619 2115 2669 Barbaros
2153 2617 2398 2668 dedecori
2434 2617 2656 2669 habetur

1590 2705 1647 2750 et
1668 2696 1959 2761 ignominiae
1982 2710 2210 2746 summae.

1655 2772 1937 2822 Verissima
1947 2770 2127 2831 lectio,
2151 2769 2525 2834 sententiaque.
2566 2769 2656 2822 Ita

1587 2847 1846 2899 Athenion
1891 2846 2125 2895 Manium
2164 2844 2431 2910 Aquilium
2483 2845 2655 2909 (quasi

1584 2938 1683 2990 per
1735 2937 1982 2972 summam
2024 2919 2381 2986 ignominiam)
2428 2927 2656 2971 tractum

1585 3001 1836 3053 describit
1856 3001 1923 3050 ab
1962 3001 2136 3065 equite
2172 3004 2410 3050 catenam
2439 2999 2651 3063 longam

1584 3076 1827 3129 habente.
1894 3077 2062 3129 Quem
2084 3077 2256 3130 locum
2286 3075 2491 3126 omnino
2530 3075 2653 3126 vide

1586 3154 1958 3218 transcriptum
1998 3168 2029 3202 a
2057 3167 2142 3202 me
2174 3167 2238 3201 ex
2262 3151 2538 3216 Athenaeo,
2570 3167 2651 3203 su-

1585 3246 1682 3295 pra
1736 3230 1801 3278 de
1851 3228 2092 3280 custodia
2146 3228 2377 3291 militari,
2429 3227 2522 3278 lib.
2563 3242 2650 3281 111.

1581 3307 1793 3371 Lipsius.

1649 3384 1903 3447 Compedes
1918 3383 2074 3446 (quod
2092 3382 2362 3430 dedecorum
2383 3379 2652 3446 Barbaria)

1583 3458 1880 3523 trahebatur]
1912 3460 2030 3508 Hoc
2070 3463 2167 3518 est,
2188 3471 2298 3520 ¹quo
2328 3455 2646 3506 vinculorum

1582 3536 2041 3586 dehonestamento
2071 3532 2248 3581 addito
2278 3532 2361 3581 vel
2385 3532 2645 3597 imposito,

1581 3625 1612 3659 e
1646 3610 1822 3661 lustris
1854 3608 1954 3658 inis
1987 3606 2308 3672 producitur,
2343 3613 2396 3656 et
2435 3608 2487 3656 in
2523 3624 2647 3659 con.

1580 3693 1821 3750 spectum
1840 3685 2008 3733 turbae
2028 3684 2302 3748 praesentis
2341 3683 2495 3733 datur
2509 3684 2645 3734 vilis-

1577 3753 1720 3812 simis
1764 3778 1794 3811 e
1838 3760 2054 3824 Scythia
2097 3760 2364 3811 calonibus
2409 3767 2465 3810 et
2504 3761 2643 3825 lixis,

1578 3837 1852 3888 custodum
1898 3837 2011 3886 vice
2051 3835 2388 3899 stipantibus,
2429 3836 2643 3901 quibus·

1575 3915 1693 3966 dam
1715 3922 1771 3964 et
1795 3913 2094 3964 tenentibus
2118 3920 2342 3963 catenas.

1639 3991 1776 4041 Nam
1811 3990 1907 4039 hoc
1933 3996 2088 4052 auget
2118 3989 2503 4053 contumeliam,
2535 4005 2645 4040 nou

1576 4067 1908 4116 centuriones
1931 4080 2033 4114 non
2055 4065 2249 4115 milites
2273 4068 2456 4116 saltem
2470 4066 2641 4130 justos

1575 4133 1754 4206 fuisse,
1767 4142 1955 4209 quibus
1972 4141 2205 4193 custodia
2215 4143 2429 4193 credita.
2462 4144 2639 4196 Quan-

1571 4233 1727 4288 quam
1747 4216 1882 4274 etffb
1898 4217 2112 4269 barbaris
2145 4217 2210 4274 ad
2242 4233 2417 4272 mores
2434 4218 2638 4272 Rhada-
