3100 4925
441 355 617 425 1256

1165 377 1232 425 0.
1275 375 1638 427 GORNELH
1684 375 1937 425 TAcrrl

2328 378 2421 446 [A.
2442 383 2508 435 U.
2528 387 2645 435 806.

1442 601 1655 652 No'rAE
1690 676 1695 677 ἦ

440 737 624 782 senatu
648 730 913 795 legebant,
926 731 971 780 is
994 731 1263 782 dicebatur
1281 733 1508 796 Princeps
1571 716 1852 795 juventute
1876 733 2126 797 optimum
2163 746 2417 797 quemque
2456 732 2651 783 studio·

436 813 640 859 σεπιιεαε.
704 808 792 858 Sic
822 823 975 873 quem
1015 808 1237 872 primum
1267 809 1507 872 legerant

439 885 494 934 in
520 884 702 934 ordine
723 876 976 949 equitum,
1010 886 1052 933 is
1090 886 1317 948 Princeps
1333 885 1508 945 juven-

441 960 562 1009 tutis
599 960 902 1010 vocabatur.
969 960 1105 1009 Nam
1141 961 1339 1023 Equites
1375 960 1505 1009 dicti

426 1037 627 1097 juvenes
662 1036 714 1085 in
755 1036 1109 1101 descriptione
1144 1037 1314 1085 Servii
1352 1037 1507 1100 regis,

440 1112 561 1176 quia
598 1113 777 1162 statim
818 1127 851 1162 a
893 1118 1014 1176 toga
1051 1113 1184 1163 virili
1227 1119 1411 1177 sumto,
1451 1113 1505 1162 in

440 1188 638 1250 Equites
660 1187 1065 1237 assumebantur.

506 1262 691 1311 Livius
747 1263 835 1312 ubi
890 1263 954 1312 de
1009 1264 1181 1313 Mutio
1233 1264 1504 1315 Scaevoia:

440 1336 456 1364 ‘
486 1337 731 1388 Trecenti
742 1339 1028 1401 juravimus
1052 1339 1313 1402 principes
1325 1340 1508 1401 juven-

440 1414 571 1463 tutis
594 1414 858 1477 Romanae,
878 1422 939 1463 ut
975 1414 1028 1462 in
1067 1420 1121 1464 te
1144 1416 1240 1465 hac
1265 1415 1347 1464 via
1369 1429 1506 1478 gras-

438 1488 701 1539 sarentur?
764 1489 915 1541 Idem
947 1491 1127 1541 Livius
1165 1492 1201 1541 l.
1227 1504 1364 1541 xnn.
1397 1492 1413 1520 ‘
1438 1492 1507 1540 E-

438 1565 699 1631 quitatum
720 1567 870 1616 Rom.
908 1581 1011 1632 quo
1048 1567 1270 1617 invictos
1305 1582 1361 1616 se
1394 1582 1506 1616 esse

437 1643 813 1706 gloriabantur,
834 1642 1062 1695 fudistis.
1126 1643 1345 1708 Equites
1367 1644 1504 1692 enim

434 1718 557 1781 iliis,
578 1719 843 1783 principes
869 1720 1180 1784 juventutis,
1203 1720 1405 1784 equites
1427 1735 1506 1770 se-

421 1796 709 1846 ·minarium
731 1797 975 1849 senatus)

501 1871 663 1936 Puto,
682 1887 780 1936 per
793 1872 1311 1937 principesjuvmutis
1333 1873 1530 1936 vulgo,-

437 1960 534 1996 seu
547 1953 725 1997 vetere
745 1948 951 2010 Repub.
970 1949 1270 2011 intelligunt
1287 1948 1504 2011 Equites

316 2016 328 2028 ⁸
422 2021 620 2080 juvenes
654 2028 701 2070 et
737 2023 1016 2073 nobilesseu
1036 2025 1323 2085 splendidos,
1362 2022 1504 2087 (eum

437 2097 504 2146 de
524 2096 647 2146 filiis
670 2098 960 2162 principum
983 2099 1171 2161 egitur,
1198 2098 1338 2147 aliud
1363 2096 1497 2162 est):

435 2173 557 2227 hinc
597 2173 782 2225 Cicero
813 2175 848 2223 1.
869 2188 956 2227 111.
995 2174 1166 2238 Epist.
1192 2180 1349 2225 vocet
1372 2175 1505 2223 Bru·

436 2256 546 2299 tum
596 2252 612 2278 ‘
639 2249 926 2314 principem
962 2251 1291 2314 juventutis,’
1333 2251 1410 2301 sic
1449 2259 1506 2302 et

439 2325 717 2376 Curionem
737 2326 753 2354 ‘
780 2328 1071 2391 principem
1085 2327 1396 2392 juventutis’
1416 2343 1506 2392 ap-

435 2402 617 2465 pellat.
653 2403 803 2457 Orat.
838 2404 893 2453 in
928 2404 1220 2469 Vatinium,
1243 2406 1363 2470 quia
1396 2406 1509 2456 nul·

434 2479 540 2530 lum
583 2479 749 2532 adbuc
798 2483 1157 2544 magistratum
1210 2489 1503 2544 gesserant.

435 2555 653 2606 Nobiles
674 2556 729 2603 hi
747 2557 972 2619 juvenes
995 2556 1123 2606 dicti
1158 2557 1397 2620 principes
1419 2559 1505 2618 ju-

433 2629 660 2693 ventutis,
701 2637 957 2693 respectu.
987 2635 1393 2693 eoaetaneorum,
1449 2640 1505 2683 et

326 2741 344 2764 .
436 2705 602 2755 ceteri
643 2708 899 2770 equestris
940 2706 1155 2770 ordinis,
1197 2708 1285 2770 qui
1341 2707 1505 2757 minus

433 2780 632 2831 nobiles
651 2796 714 2831 ac
734 2783 977 2846 insignes,
1017 2782 1103 2847 qui
1142 2796 1245 2832 non
1280 2781 1419 2832 forte
1449 2782 1505 2832 in

433 2863 607 2910 turma
657 2859 754 2909 hac
807 2858 1079 2922 juvenum,
1134 2868 1190 2909 et
1240 2858 1505 2912 desierant

430 2934 567 2988 forte
597 2938 712 3000 jam
749 2953 900 2987 senes
931 2938 1157 3000 aspirare
1194 2936 1259 2986 ad
1298 2943 1503 2987 senato·

432 3011 561 3062 riam
583 3012 912 3075 dignitatem,
936 3019 992 3062 et
1013 3019 1215 3062 ceteros
1243 3013 1497 3063 honores:

431 3085 572 3140 forte
608 3094 665 3137 et
698 3094 941 3150 respectu
970 3088 1223 3151 juvenum
1260 3103 1291 3137 e
1330 3090 1504 3153 plebe,

420 3163 619 3227 quibus
639 3164 1047 3228 praeeminebant
1081 3164 1170 3214 iilo
1194 3163 1423 3229 fastigio,
1445 3173 1503 3216 et

433 3242 637 3293 annulis
658 3243 1131 3306 distinguebantur.
1474 3243 1483 3255 '

499 3320 570 3369 Et
588 3319 787 3368 nobiles
809 3319 885 3369 illi
914 3320 1114 3380 juvenes
1152 3321 1429 3371 manebant
1449 3321 1502 3372 iu

434 3407 497 3445 eo
519 3394 721 3452 ordine,
741 3407 803 3442 sc
821 3394 1060 3457 principes
1081 3395 1355 3455 ,iuventutis
1389 3405 1501 3447 tsn-

433 3476 544 3521 tum
566 3478 735 3533 erem,
755 3470 925 3521 donee
962 3473 1288 3523 Quaesturam
1321 3474 1501 3537 adepti

427 3552 627 3606 essent,
650 3562 767 3610 qun
801 3546 994 3610 primus
1021 3547 1214 3609 gradus
1252 3549 1318 3597 ad
1355 3564 1500 3598 sena-

432 3627 562 3671 tum.
628 3621 983 3671 Obtinebatur
1017 3628 1191 3671 sutem
1220 3622 1501 3671 Quaestum

431 3700 516 3748 28.
540 3710 674 3746 enno
697 3697 890 3758 aetatis,
912 3697 1009 3746 nisi
1033 3695 1169 3746 forte
1204 3697 1385 3760 virtus,
1406 3702 1500 3747 eut

429 3770 576 3822 favor
615 3773 852 3836 eximius,
874 3772 1111 3821 annarias
1146 3774 1288 3836 leges
1327 3773 1499 3823 vinee·

432 3854 533 3899 tet.

497 3925 571 3974 Et
592 3928 739 3973 certe
769 3922 1084 3988 distinguere
1109 3924 1316 3974 videtur
1333 3924 1498 3975 Quin-

432 4004 517 4050 tus
550 4000 752 4062 Cicero,
771 3998 860 4050 ubi
894 3999 959 4048 de
993 4000 1148 4063 petit.
1184 4000 1499 4061 consulatus,

431 4076 570 4127 inter
623 4076 757 4125 hanc
814 4083 1033 4125 turmam
1080 4076 1353 4139 juvenum,
1406 4092 1499 4126 seu

427 4149 962 4216 manumittis,
982 4157 1038 4202 et
1057 4161 1298 4202 ceterum
1317 4166 1499 4217 eques-

433 4234 570 4280 trem
591 4227 856 4283 ordinem:
904 4229 921 4260 ‘
948 4228 1182 4281 Habebis
1216 4236 1394 4281 teum
1429 4243 1499 4284 ex

1583 808 1833 857 sissimum
1854 807 2201 857 humanitatis.
2249 809 2385 856 Tum
2406 815 2651 872 equester

1581 885 1707 934 ordo
1730 892 1976 950 sequetur
1999 884 2134 934 illius
2165 886 2530 934 auctoritatem
2566 898 2649 934 or-

1582 961 1746 1010 dinis.'

1648 1038 1712 1087 In
1750 1053 1814 1087 ea
1843 1037 2129 1101 juventute
2157 1037 2411 1101 equestris
2435 1036 2650 1099 ordinis,

1582 1115 1670 1178 qui
1691 1113 1960 1163 nobilitate
1977 1120 2034 1162 et
2049 1110 2235 1176 opibus
2256 1110 2649 1175 praecellebant,

1581 1189 1828 1253 appellati
1862 1190 2102 1252 principes
2124 1187 2412 1247 juventutis.
2478 1188 2565 1236 Sic
2588 1196 2646 1236 et

1580 1264 1717 1315 forte
1741 1265 2012 1327 distinguit
2033 1265 2159 1314 Tac.
2190 1265 2204 1291 ‘
2229 1266 2486 1334 Equester
2519 1263 2649 1315 ordo

1581 1356 1798 1390 cuneum
1823 1340 2119 1389 Germanici
2138 1338 2442 1402 appellavit,
2466 1339 2551 1402 qui
2564 1339 2648 1402 ju-

1581 1416 1784 1464 niorum
1805 1413 2111 1464 dicebatur?

1646 1489 1800 1541 Quod
1840 1503 2028 1538 nomen
2075 1484 2420 1538 tantum'fuit
2478 1489 2651 1552 prisca

1580 1567 1786 1630 Repub.
1820 1567 1910 1633 qui
1928 1566 2090 1615 honos
2111 1570 2310 1613 tentum
2339 1563 2573 1615 lectionis
2594 1565 2649 1613 in

1582 1660 1644 1694 eo
1676 1645 1860 1694 ordine
1900 1643 2019 1707 fuit,
2056 1649 2147 1692 aut
2168 1642 2257 1707 qui
2278 1643 2436 1693 etiam
2475 1641 2648 1691 multis

1579 1720 1749 1784 simul,
1783 1720 1871 1785 qui
1910 1719 2064 1782 primi
2101 1719 2417 1782 legerentur,
2453 1717 2650 1766 tribue-

1582 1797 1756 1860 batur,
1789 1810 1925 1845 nunc
1947 1793 2042 1845 sub
2071 1792 2300 1858 Augusto
2323 1791 2423 1842 fuit
2447 1793 2649 1856 titulus,

1581 1870 1671 1937 qui
1722 1886 1818 1936 per
1864 1885 2116 1923 summum
2161 1869 2319 1919 decus
2367 1869 2489 1921 solis
2530 1868 2654 1919 filiis·

1578 1948 1874 2011 principum
1901 1960 2178 1995 concessus
2201 1950 2301 1994 est.

1606 2034 1620 2053 ‘
1643 2023 1761 2071 Hoc
1785 2021 1966 2081 decus,
1989 2027 2047 2070 ut
2071 2026 2218 2082 puto,
2241 2018 2433 2082 primus
2470 2019 2663 2069 habuit

1581 2096 1737 2147 Caius
1758 2096 1893 2145 filius
1911 2094 2155 2158 Augusti,
2196 2101 2255 2143 ut
2290 2100 2451 2155 esset,
2472 2095 2652 2157 appel-

1576 2172 1878 2235 lareturque
1930 2171 2149 2234 princeps
2177 2170 2465 2233 ,iuventuti-s,
2515 2185 2649 2222 anno

1580 2247 1753 2298 aetatis
1776 2251 1857 2296 14.
1895 2262 1958 2297 ea
1997 2246 2084 2296 die
2125 2262 2227 2310 qua
2263 2247 2450 2296 virilem
2486 2253 2650 2310 togam

1578 2324 1781 2375 sumsit.
1830 2323 1916 2373 Sic
1938 2322 2072 2387 lapis
2093 2320 2291 2386 Ancyr.
2343 2322 2466 2373 Fuit
2489 2324 2649 2373 etiem

1580 2400 1862 2466 praefectus
1885 2399 2079 2449 Tribus
2118 2414 2246 2463 suae,
2275 2399 2423 2449 testis
2461 2400 2564 2453 Dio
2596 2400 2651 2453 in

1579 2477 1842 2541 excerptis
1867 2492 1899 2525 a
1921 2476 2145 2527 Zonara.

1641 2554 1732 2604 Sic
1770 2555 1926 2606 etiam
1949 2553 2214 2617 Augustus
2239 2554 2650 2611 Lucium.Caesa·

1579 2646 1692 2681 rem
1710 2629 1874 2681 filium
1890 2645 1984 2680 suo
2008 2637 2241 2696 tempore
2265 2639 2320 2682 et
2340 2633 2474 2697 loco,
2490 2633 2652 2683 etiam

1578 2707 1666 2757 die
1703 2707 1868 2758 virilis
1908 2712 2064 2770 togae,
2095 2707 2358 2772 principem
2378 2710 2653 2769 ,iuuentutis

1577 2797 1640 2831 ac
1668 2782 1951 2844 praefsctnm
1987 2782 2179 2846 Tribus,
2213 2789 2268 2832 et
2295 2786 2525 2836 mutulen
2560 2786 2650 2837 de-

1578 2857 1820 2921 signavit,
1841 2871 1905 2907 ea
1937 2858 2075 2921 lege,
2110 2863 2171 2906 ut
2209 2866 2329 2922 post
2366 2860 2651 2924 quinquen-

1579 2931 1722 2981 nium
1743 2947 1776 2981 α
1797 2932 1881 2981 die
1912 2946 2015 2996 quo
2035 2933 2236 2982 virilem
2258 2939 2434 2997 togam
2456 2948 2654 2985 sumse-

1580 3013 1687 3071 rat,
1705 3013 1762 3060 et
1797 3007 1852 3056 in
1886 3006 2059 3058 forum
2097 3008 2284 3059 ductus
2311 3015 2445 3073 eret,
2467 3011 2653 3075 magis-

1581 3090 1779 3134 tratum
1802 3084 1979 3136 iniret.

1646 3161 1787 3211 Dein
1824 3167 1884 3211 et
1920 3162 1973 3211 in
1996 3160 2268 3226 Augurum
2304 3178 2396 3214 seu
2436 3163 2654 3217 Pontifi-

1579 3251 1696 3288 cum
1732 3238 2024 3301 Collegium
2047 3238 2426 3301 coaptabuntur
2460 3240 2534 3288 illi
2558 3238 2652 3290 fini

1579 3310 1987 3372 dominantium3
2047 3311 2210 3363 etiam
2249 3312 2472 3364 Patroni
2510 3315 2650 3364 eolo-

1578 3388 1778 3440 niarum
1802 3385 2198 3438 asciscebantur
2219 3403 2233 3436 z
2269 3387 2406 3452 quod
2425 3388 2651 3451 contigit

1577 3462 1692 3512 eliis
1717 3463 2035 3525 Caesaribus,
2052 3478 2172 3512 mox
2193 3468 2247 3511 et
2264 3463 2480 3514 Neroni.
2514 3464 2650 3514 Nem

1578 3535 1816 3588 defendit
1857 3539 2096 3599 Ilienses,
2133 3537 2507 3606 Bononienses,
2542 3542 2648 3592 &m

1577 3620 1633 3664 et
1671 3609 1769 3666 suo'
1809 3614 2101 3680 patrocinio
2144 3615 2499 3670 immunitates
2542 3617 2646 3668 illis

1576 3690 1899 3754 impetravit.
1963 3692 2087 3744 Tac.
2106 3697 2165 3740 et
2186 3693 2400 3743 Sueten.

1639 3765 1813 3818 Antea
1833 3773 2013 3817 vetere
2037 3769 2242 3831 Repub.
2268 3768 2358 3831 qui
2393 3768 2647 3819 Pontifex

1575 3843 1873 3907 creabatur,
1906 3857 2112 3906 semper
2152 3844 2264 3892 loeo
2303 3844 2524 3907 alicujus
2554 3845 2649 3895 de·

1575 3919 1765 3972 mortui
1804 3919 2076 3968 Pontificis
2120 3918 2546 3981 inungui-abatur,
2590 3926 2647 3969 et

1575 3997 1691 4059 iege
1732 3996 1944 4059 Syllana
1983 3994 2267 4057 Collegium
2314 3995 2653 4059 Pontifieum,

1575 4081 1635 4124 ut
1673 4079 1729 4126 et
1763 4071 2034 4135 Augurum
2058 4084 2130 4122 ex
2164 4074 2244 4120 15.
2284 4070 2646 4121 sacerdotibus

1573 4145 1994 4210 componebatur.
2077 4145 2179 4197 Sed
2223 4151 2407 4209 postea
2446 4147 2649 4208 omar,

1575 4232 1635 4278 ut
1654 4223 1889 4280 mores
1920 4223 2024 4280 sibi
2058 4223 2377 4288 devinciret,
2409 4222 2646 4286 singuta-
2704 4230 2709 4236 ·
