3100 4925
2406 418 2583 484 1247

374 569 534 635 ideo
559 569 782 651 fugam
809 567 1110 647 sistebat,
1139 570 1211 632 ni
1240 570 1533 653 legiones
1574 572 1881 653 praelium
1921 562 2356 658 excepissent.
2444 576 2578 642 Ea·
2650 648 2669 663 ,

373 672 519 735 rum
574 671 811 735 robore
857 676 1127 752 aequata
1180 690 1429 752 pugna,
1489 671 1644 735 dein
1693 672 1886 736 nobis
1926 691 2056 755 pro
2110 676 2381 739 meliore
2424 678 2574 742 fuit.
2598 737 2613 741 -

371 771 675 854 Effugere
703 773 950 850 hostes,
984 773 1164 836 tenui
1194 772 1462 851 damno,
1491 774 1653 856 quia
1680 773 2039 838 inclinabat
2065 774 2230 861 dies.
2321 774 2575 843 Crebra

372 874 525 941 hinc
565 873 823 956 praelia,
875 878 942 937 et
972 875 1221 959 saepius
1249 875 1315 937 in
1343 873 1616 941 modum
1652 874 2003 952 latrocinii,
2033 894 2151 959 per
2179 877 2411 956 saltus,
2455 898 2577 963 per
2628 940 2632 944 .

371 975 671 1059 paludeS,
712 982 786 1039 ut
811 976 1055 1058 cuique
1086 984 1280 1054 soi-S,¹
1314 981 1434 1040 aut
1460 977 1712 1057 virtus;
1761 980 2023 1054 temere,
2052 979 2328 1061 proviso
2348 987 2395 1043 :²
2420 976 2444 1016 f
2482 981 2571 1045 ob

369 1077 558 1154 iram,
612 1077 700 1140 ob
749 1076 1098 1158 praedam:
1147 1077 1369 1160 jussu,
1418 1082 1484 1141 ct
1529 1077 1888 1160 aliquando
1942 1079 2188 1158 ignaris
2242 1079 2574 1146 Ducibus.

371 1176 477 1241 Ac
505 1177 852 1260 praecipua
882 1176 1170 1241 Silurum
1215 1178 1618 1259 pervicacia,
1668 1197 1837 1260 quos
1867 1178 2272 1267 accendebat
2300 1184 2575 1265 vulgata

369 1278 796 1361 Imperatoris
827 1276 1024 1343 Rom.
1054 1269 1191 1343 voa
1210 1287 1257 1342 :⁸
1300 1282 1322 1311 ‘
1351 1283 1427 1342 ut
1466 1277 1802 1360 quondam
1829 1277 2179 1361 Sugambri
2208 1280 2452 1347 excisi¹¹
2497 1287 2566 1348 et

372 430 427 483 ,1.
449 429 510 480 c.
534 428 646 492 σι.)
1079 424 1491 475 sussum«
1540 426 1689 478 ms.
1738 428 1881 476 xn.

367 1473 450 1507 nes
459 1475 672 1523 pugnam
690 1460 1009 1524 capessi-ssent.
1080 1459 1276 1508 Illarum
1295 1459 1346 1507 vi
1366 1463 1552 1521 aequata
1574 1458 1717 1522 acies,
1739 1459 1848 1507 dein
1868 1459 2131 1521 superiores
2148 1462 2395 1515 evasimus.
2443 1464 2564 1514 Abs-

367 1538 541 1573 cessere
569 1525 722 1573 hosta
753 1526 883 1572 clade
908 1523 1106 1582 modica,
1138 1523 1249 1585 quia
1269 1538 1365 1571 nox
1386 1523 1675 1571 imminebat.
1750 1523 2027 1586 Frequentes
2047 1524 2158 1573 hinc
2182 1539 2375 1588 pagate,
2408 1532 2457 1576 et
2484 1543 2571 1577 ω.

362 1588 475 1650 pius
510 1591 575 1637 ad
605 1590 761 1638 instar
780 1589 1115 1644 incursionum,
1141 1602 1231 1649 per
1248 1588 1419 1650 wives,
1444 1601 1533 1649 per
1568 1592 1757 1648 uma,
1788 1592 1842 1635 ut
1879 1588 2041 1650 cuique
2078 1603 2228 1648 cauis,
2263 1595 2348 1639 aut
2381 1591 2536 1642 virtu
2551 1609 2573 1652 ,·

367 1653 590 1710 consulto,
619 1653 875 1701 incarus-ulto
890 1669 911 1709 ,-
943 1650 997 1698 ob
1030 1651 1343 1711 iracundiam,
1380 1651 1437 1698 ob
1465 1651 1850 1714 populationem;
1881 1651 2080 1713 imperio
2111 1655 2299 1712 ducum,
2334 1659 2382 1701 et
2419 1657 2568 1705 inter-

2234 1717 2437 1767 ublicata
2473 1736 2567 1770 vox

366 1717 480 1764 dum
509 1716 675 1764 insciis
701 1717 833 1779 ipsis.
902 1716 971 1766 Et
992 1715 1199 1763 maxima
1231 1714 1447 1764 Silarum
1462 1714 1751 1778 pertinacia,
1787 1729 1899 1777 quos
1934 1715 2162 1765 incitabat
2270 1782 2322 1829 n·

2238 1795 2269 1829 a
2309 1797 2382 1831 ias
2404 1791 2568 1835 traus-

365 1781 498 1829 duciae
518 1780 721 1830 Romani
734 1796 755 1837 ‚·
787 1778 1213 1843 quemadmodum
1234 1780 1352 1828 olim
1374 1779 1630 1843 Sigambrl
1645 1780 1997 1844 exterminati,
2030 1789 2084 1829 et
2107 1781 2160 1828 iu

1280 1920 1338 1940 OC
1343 1919 1638 1940 “totototo-

433 2022 459 2067 1
494 2019 581 2068 Ita
616 2018 730 2070 libri
768 2034 944 2069 omnes
967 2014 1148 2084 scripti
1188 2026 1246 2068 et
1267 2019 1396 2069 editi
1424 2025 1545 2069 aute
1583 2020 1684 2069 Cll.
1707 2020 1984 2070 Ernestum
2023 2027 2078 2070 et
2117 2021 2439 2087 Lallemaud,
2509 2024 2567 2077 ui

350 2083 462 2141 sm
492 2083 722 2147 edidere,
752 2083 887 2135 forte
922 2099 1194 2147 operarum
1229 2099 1439 2146 errore3
1475 2084 1666 2133 nullam
1703 2085 1839 2135 euim
1881 2086 2180 2135 mutationis
2203 2101 2407 2137 causam
2432 2040 2561 2139 affe-

364 2153 501 2197 runt.
549 2149 767 2223 Brotier.
845 2149 1136 2201 Gronovius
1172 2149 1332 2199 habet
1357 2147 1582 2211 fora—2
1612 2149 1701 2201 Sic
1737 2149 1972 2201 Picbena
2011 2165 2041 2200 e
2074 2151 2179 2201 Ms.
2215 2152 2354 2203 Flor.
2420 2154 2569 2205 Male

1347 2313 1396 2363 N
1404 2312 1560 2363 01·AE

363 2428 449 2472 tur
484 2407 735 2487 expedita,
771 2437 888 2489 quoe
922 2424 1192 2477 sociorum.
1258 2427 1420 2478 Forte
1499 2440 1611 2477 nos.
1645 2425 1910 2477 Fert-ottus.
1994 2424 2225 2478 Faamns
2263 2425 2563 2482 scribebat:

359 2507 418 2549 et
436 2502 708 2550 vexillarios
729 2503 989 2566 intelligit.
1501 2504 1517 2530 ‘
1543 2502 1621 2551 Ut
1639 2502 1893 2566 quondam
1933 2502 2203 2565 Sugambri
2243 2503 2424 2565 excisi,
2467 2512 2558 2555 aut

425 2574 448 2606 f
493 2577 712 2640 Proviso]
786 2577 988 2640 Lipsius
1022 2580 1227 2642 μνουίειι.
1311 2581 1416 2632 Ms.

360 2652 501 2701 Flor.
552 2653 754 2716 promo,
809 2653 1092 2703 adverbiali
1129 2647 1330 2720 forma,¹
1356 2664 1417 2707 ut

357 2727 623 2791 improviso,
659 2729 918 2792 inopinato,
956 2728 1115 2792 igitur
1135 2737 1281 2782 recte
1308 2748 1416 2797 pro-

358 2803 472 2867 viso,
491 2803 571 2854 cui
594 2805 874 2867 opponitur
890 2808 1079 2854 temere.

421 2891 447 2925 Β
495 2883 803 2946 Imperatoris
847 2883 988 2944 Rom.
1032 2886 1146 2949 vox]
1211 2886 1416 2950 Nempe

360 2958 578 3019 Ostorii,
619 2959 706 3022 qui
728 2959 880 3022 copia
911 2958 1156 3009 honorum
1178 2962 1416 3025 plurima,

356 3041 413 3084 et
444 3034 568 3098 ipsis
609 3034 857 3097 triumphi
899 3034 1181 3098 insignibus
1214 3044 1417 3102 auctus,

347 3112 561 3177 jamque
585 3110 705 3160 belli
729 3110 863 3159 curis
884 3108 1067 3170 fessus,
1093 3111 1218 3160 talia
1239 3121 1417 3175 protu-

355 3188 505 3249 lerat,
556 3191 646 3235 aut
688 3185 969 3249 protulisse
1012 3184 1306 3249 fingebatur
1349 3203 1415 3238 ex

354 3261 560 3327 iugenio
579 3263 811 3326 hominis,
830 3269 890 3312 ut
910 3261 1023 3312 fere
1044 3262 1121 3312 fit.

349 3331 359 3338 ’
420 3340 555 3388 Nam
589 3353 682 3403 per
714 3340 1048 3402 imperatorem
1083 3339 1318 3390 absolute
1340 3339 1413 3390 ia·

341 3415 545 3480 ¹telligit
582 3417 799 3466 Tacitus
835 3416 1114 3480 principem.
1180 3416 1256 3466 At
1296 3432 1411 3466 cum

351 3489 420 3540 de
441 3491 593 3553 duce,
616 3491 762 3541 addit
793 3507 976 3542 nomen
999 3495 1079 3542 vel
1103 3492 1227 3557 quid
1252 3492 1409 3553 alind,

348 3572 414 3616 ut
433 3566 734 3629 distinguat.
799 3569 887 3618 Sic
924 3571 958 3619 Ι.
992 3583 1069 3619 lv.
1104 3572 1121 3597 ⁸
1148 3568 1285 3619 idem
1318 3569 1411 3619 im-

350 3645 606 3705 peratoris
627 3642 865 3692 Mummii
875 3643 1170 3710 judicium!

418 3717 725 3781 Imperatoris
744 3721 883 3769 Rom.
905 3721 1020 3784 vox]
1064 3721 1184 3769 Vox
1206 3720 1410 3770 Romi

349 3793 549 3848 indicat
572 3797 831 3847 Ostorium
899 3798 1033 3847 Nam
1056 3797 1098 3846 si
1121 3797 1187 3846 de
1206 3796 1410 3846 Claudio

348 3870 665 3933 intelligeret
687 3873 922 3933 Tacitus,
963 3872 1177 3922 dixisset
1211 3872 1410 3936 inopem-

347 3945 471 3994 toris
488 3947 720 3998 absolute
742 3955 799 3997 et
820 3949 1137 4012 simpliciter.

413 4020 440 4055 Β
469 4022 726 4085 Sugambri
744 4026 915 4088 excisi]
983 4025 1155 4075 Hodie
1180 4025 1408 4075 Geldren-

345 4111 421 4146 us
452 4111 565 4147 esse
599 4100 909 4150 creduntur:
960 4100 1049 4150 diu
1079 4100 1245 4149 habiti
1280 4098 1407 4149 socii

344 4172 632 4240 fratresque
654 4176 935 4238 Gallorum,
965 4190 1061 4240 pro
1081 4176 1264 4241 quibus
1301 4191 1406 4227 non

347 4250 504 4299 semel
526 4263 670 4301 arma
700 4265 907 4302 movere
930 4249 1142 4306 Galli'in
1163 4251 1408 4304 Aleman-

1497 2577 1551 2627 in
1575 2577 1775 2627 Gallias
1800 2578 2011 2641 trajecti
2034 2575 2239 2629 forent!
2276 2578 2492 2630 Ursinus.

1561 2654 1819 2717 Sitgambri
1837 2653 2005 2716 excisi]
2036 2653 2123 2702 Sic
2151 2652 2293 2702 Suet.
2322 2651 2452 2717 Aug.
2477 2659 2563 2707 21.

1496 2730 1513 2757 ‘
1538 2729 1926 2793 Germanosque
1963 2729 2099 2776 ultra
2136 2727 2308 2777 Albim
2347 2726 2559 2780 fluvium

1460 2806 1797 2854 «summovitz
1834 2819 1900 2853 ex
1936 2803 2122 2868 quibus
2159 2802 2358 2852 Suevos
2397 2812 2452 2853 et
2484 2805 2559 2853 Si-

1496 2880 1733 2929 cambros
1753 2878 2006 2927 dedentes
2025 2892 2079 2926 se
2104 2876 2337 2926 traduxit
2359 2877 2408 2925 in
2432 2878 2559 2928 Gal-

1494 2956 1634 3016 liam,
1656 2961 1829 3019 ·atqne
1854 2954 1907 3002 iu
1946 2953 2191 3016 proximis
2217 2953 2394 3002 Rheno
2417 2954 2560 3016 agris

1495 3032 1770 3082 collocavit
1788 3030 1819 3092 ;'
1884 3029 1975 3079 ubi
2031 3043 2126 3094 pro
2179 3027 2356 3078 Suevos
2396 3030 2556 3080 velint

1561 3183 1718 3233 Haud
1767 3182 1923 3232 dubie
1979 3181 2133 3232 Snevi
2174 3181 2399 3230 universi
2443 3196 2548 3231 non

1494 3265 1616 3309 suut
1656 3258 1882 3322 trajecti,
1920 3258 2012 3307 sed
2051 3256 2188 3306 forte
2213 3257 2387 3321 aliqua
2410 3258 2552 3308 natio

1491 3335 1771 3384 Suevorum
1795 3333 1967 3396 potnit
1990 3332 2209 3384 traduci.
2261 3332 2419 3397 Apud
2444 3335 2555 3384 Cae·

1491 3425 1660 3462 sarem
1679 3412 1714 3460 1.
1734 3424 1773 3460 1.
1795 3417 2031 3473 questum
2057 3409 2270 3459 veniunt
2300 3411 2316 3436 ‘
2339 3410 2553 3462 Treveri

1492 3501 1656 3550 pagos
1707 3491 1914 3535 centum
1957 3485 2238 3534 Suevorum
2275 3485 2341 3534 ad
2383 3485 2549 3547 ripam

1494 3563 1663 3612 Rheni
1683 3561 1996 3625 consedisse,
2019 3562 2107 3626 qui
2132 3562 2364 3612 Rhenum
2388 3568 2550 3611 trans·

1488 3641 1567 3691 ire
1586 3642 1931 3692 conarentur!
1995 3642 2117 3691 Non
2153 3639 2270 3689 dico
2305 3647 2415 3690 tum
2436 3654 2550 3690 esse

1491 3718 1781 3781 traductos,
1834 3719 1927 3768 sed
1969 3716 2196 3782 potuisse
2242 3722 2415 3766 tamen
2459 3717 2551 3767 ali·

1489 3808 1644 3860 quam
1668 3801 1866 3858 partem
1886 3796 2168 3844 suevorum
2191 3793 2450 3857 trajicere.

1552 3869 1836 3934 Sugambri]
1858 3869 2152 3932 Sicambri,
2196 3869 2374 3933 populi
2419 3867 2550 3919 Ger.

1487 3945 1673 3997 mauiae
1712 3945 1851 3995 iuter
1888 3945 2167 4010 Visurgim,
2210 3953 2268 3995 et
2308 3946 2548 3996 Rhenum

1484 4020 1685 4072 fluvios.

1550 4100 1725 4149 Hodie
1749 4100 1987 4149 Ducatus
2018 4100 2341 4161 Westphalioe,
2361 4098 2412 4147 in
2447 4099 2545 4148 cir-

1485 4176 1601 4225 culo
1638 4176 2012 4238 westphalica,
2051 4174 2140 4225 sed
2182 4180 2355 4229 tamen
2392 4181 2543 4239 paret

1485 4253 1718 4306 Electori
1737 4253 1983 4304 Coloniae.
2020 4252 2262 4303 melanos.
