3100 4925
434 389 640 486 :21212

1154 425 1241 472 cn
1263 376 1461 471 comt
1476 391 1627 474 anu
1656 419 1927 470 macru

2334 422 2426 490 [A.
2452 425 2525 479 u,
2543 430 2661 478 soa.

1464 607 1674 683 Now

464 763 604 822 esset
636 757 740 822 ipsi
765 756 967 822 juveni.

527 833 717 899 Sicqne
759 835 914 883 etiam
958 838 1334 899 consequenter
1384 836 1518 885 male

461 908 759 958 merebatur
781 908 846 958 de
869 909 1185 970 Britannico,
1219 925 1372 973 quem
1394 909 1518 958 fide-

459 982 667 1035 lissimis
689 979 851 1035 servis
880 984 1066 1035 sensim
1089 985 1355 1034 desolabat
1388 986 1520 1048 ipsa,

461 1060 691 1131 aliosque
746 1061 971 1123 ignotos,
1025 1059 1228 1125 sibique
1283 1060 1516 1110 addictos

430 1149 441 1176 ε
461 1134 828 1197 substituebat,
842 1135 929 1199 qui
945 1145 1130 1198 nempe
1147 1135 1323 1185 vicem·
1334 1135 1517 1185 redde·

428 1222 444 1234 ¹
462 1215 600 1271 rent,
624 1211 920 1274 scirentque
944 1226 975 1259 a
992 1208 1200 1258 foemina
1217 1215 1516 1274 provectos;

461 1293 520 1337 et
546 1301 686 1351 ‘quos
724 1287 934 1352 juvenis
980 1287 1333 1350 aversabatur,
1375 1290 1516 1339 velut

461 1359 748 1414 'emissarios
765 1365 1082 1424 novercales,
1101 1364 1393 1427 intelligens
1411 1364 1517 1414 doli

461 1447 518 1489 et
540 1438 856 1495 fallaciarum
878 1438 1120 1489 foeminae.

525 1514 684 1563 Certe
723 1519 872 1563 erant
893 1514 1083 1578 quida,
1121 1521 1272 1563 erant
1299 1515 1515 1564 honores

434 1588 600 1650 movi,
623 1589 715 1637 sed
737 1589 1099 1652 intempestive
1118 1589 1310 1638 collati.
1333 1591 1518 1640 'Erant

460 1666 634 1717 officia
652 1681 907 1730 novercae,
927 1668 981 1716 id
1004 1676 1086 1718 est
1107 1669 1260 1729 mala,
1280 1670 1514 1731 pessima.

460 1745 626 1793 Erant
640 1744 775 1794 falsa
791 1752 847 1794 et
870 1745 1110 1794 insidiosa
1126 1760 1191 1794 ea
1199 1746 1330 1794 dona
1344 1762 1359 1806 ;
1377 1746 1518 1808 pessi-

458 1835 585 1871 mum
595 1821 787 1886 quippe
798 1820 1089 1870 animiam-um
1098 1835 1250 1882 genus
1257 1824 1517 1871 laudantes.

505 1897 687 1946 Erant
729 1894 899 1945 officia
923 1900 1136 1959 :praeter
1189 1902 1407 1959 tempus,
1461 1903 1515 1945 et

457 1978 654 2035 praeter
692 1978 904 2020 aetatem
936 1970 1302 2034 principis,'cui
1326 1972 1515 2021 educa-

456 2053 592 2096 tores
608 2047 783 2095 statim
807 2045 962 2094 adimi
981 2059 1081 2093 non
1100 2052 1383 2108 potuerunt
1404 2048 1513 2097 siue

442 2121 709 2186 ·periculo.

522 2197 686 2246 Erant
709 2194 878 2246 officia
897 2197 986 2246 illa
1001 2202 1057 2246 et
1073 2203 1265 2261 proeter
1284 2198 1516 2246 volunta-

444 2276 562 2320 ‘tem
603 2272 967 2336 accipientium
991 2278 1048 2322 et
1080 2279 1276 2335 praeter
1305 2274 1516 2323 intenti-

455 2360 606 2396 onem
630 2346 816 2396 dantis.
882 2350 1044 2398 Erant
1068 2363 1192 2398 vera
1213 2348 1367 2398 exilia
1396 2364 1513 2412 spe·

444 2422 539 2473 cie
560 2423 786 2485 honoris.
818 2424 983 2475 Erant
1004 2431 1262 2476 venenata
1282 2426 1513 2476 hostilia-

456 2513 555 2563 que
592 2513 655 2547 ea
689 2498 824 2548 dona
844 2506 899 2549 et
918 2515 1041 2550 vere
1063 2502 1386 2561 novercalia3
1419 2502 1513 2550 sic-

443 2588 555 2638 -que
571 2575 836 2638 plusquam
858 2576 1201 2639 intempeetiva.
1228 2624 1231 2629 .

518 2655 538 2680 ¹'
564 2644 630 2698 ‘In
664 2649 891 2712 ludibria]
955 2651 1044 2700 Sic
1086 2651 1388 2714 destitutus,
1422 2652 1509 2701 'vel

452 2723 677 2777 ludibrio
710 2731 841 2787 erat,
863 2727 947 2774 vel
981 2727 1093 2776 haec
1124 2724 1310 2788 officia,
1335 2733 1392 2776 ut
1429 2728 1507 2776 sui

440 2796 672 2848 ‚ludibria
719 2800 1197 2864 interpretabatur:
1251 2803 1504 2867 iutellige-

439 2872 641 2939 -batque
672 2891 728 2924 se
766 2875 876 2924 falli
914 2891 946 2925 a
984 2878 1216 2941 muliere,
1237 2884 1293 2926 et
1327 2878 1502 2927 illudi-2

438 2963 547 2998 rnec
567 2952 714 3001 dolus
730 2952 823 3001 diu
845 2954 1028 3015 latuit—3
1056 2953 1262 3003 sciebat
1281 2968 1395 3002 esse
1415 2969 1505 3003 no-

448 3040 672 3077 veream-

510 3100 579 3150 Jn
597 3102 802 3151 ludibria
837 3104 1070 3168 emebat]
1119 3103 1198 3153 An
1218 3105 1505 3167 'explicabis

446 3189 544 3243 per
580 3175 852 3233 insidebat-12
903 3178 1056 3240 igitur
1097 3179 1505 3245 intelligendum,

444 3265 550 3313 qua
565 3250 824 3313 deridebat,
840 3267 1031 3316 nempe
1047 3252 1219 3322 officia
1237 3268 1472 3313 novercae
1484 3272 1501 3304 τ

437 3324 600 3379 immo
625 3326 738 3390 ipse
760 3327 1094 3378 irridebatur.

460 3444 469 3453 .
510 3403 643 3452 Nam
665 3402 727 3451 τὸ
760 3404 969 3453 vertebat
1003 3406 1239 3455 absolute
1259 3406 1343 3456 hic
1364 3412 1423 3456 ut
1446 3413 1502 3457 et

434 3476 557 3525 aliis
593 3478 719 3528 locis
752 3487 970 3542 usurpat
1006 3481 1235 3545 Tacitus,
1274 3487 1335 3531 ut
1366 3482 1500 3531 bene

439 3551 733 3602 observavit
760 3555 1052 3605 Rhenanus.

503 3628 601 3676 Est
624 3631 712 3691 qui
735 3631 810 3679 sic
835 3639 1036 3680 vertat:
1073 3632 1320 3693 paulatim
1343 3632 1500 3682 desti-‘-

439 3707 581 3752 tutus
615 3704 771 3752 etiam
806 3706 991 3753 vilibus
1015 3707 1326 3770 ministeriis,
1348 3709 1498 3758 intel-

394 3840 401 3845 ·
436 3776 601 3841 ligens
627 3779 729 3826 doli
750 3781 1092 3843 Britannicus,
1124 3783 1177 3831 in
1201 3783 1497 3846 ludibrium,

437 3860 496 3901 et
537 3860 852 3902 contemtum
893 3856 971 3904 sui
1012 3859 1307 3920 accipiebat
1329 3858 1497 3908 officia

435 3940 530 3978 seu
584 3930 935 3979 blandimenta
988 3933 1076 3981 illa
1129 3934 1496 3997 intempestiva

432 4018 543 4054 ωε
567 4020 840 4054 noverca:
872 4019 1044 4071 neque
1080 4009 1216 4057 enim
1238 4009 1289 4057 ei
1321 4011 1492 4072 segnis

434 4079 626 4139 indoles,
647 4086 745 4129 ὅτε.
984 4128 989 4132 .

501 4154 674 4205 Possit
695 4156 851 4205 etiam
875 4154 1009 4206 forte
1047 4158 1091 4206 is
1130 4173 1240 4207 esse
1275 4175 1491 4210 sensus:

432 4229 764 4284 Britannicus
789 4233 1037 4296 paulatim
1071 4232 1354 4285 destitutus
1382 4237 1495 4286 vilis

1598 756 1696 807 bus
1731 756 1888 807 etiam
1923 756 2241 818 ministeriis,
2263 771 2357 821 per
2379 756 2656 822 intempes-

1597 833 1706 882 tiva
1748 848 1982 883 novercae
2023 832 2210 893 officia,
2245 832 2471 883 ludibrio
2502 833 2659 883 habe-

1597 908 1784 967 batur3
1810 915 2038 958 attamen
2057 908 2347 971 intelligens
2373 909 2477 958 doli
2500 915 2557 959 et
2576 924 2657 958 ar-

1599 983 1728 1032 tium
1752 983 2070 1047 Agrippinae,
2100 998 2195 1039 nec
2219 984 2352 1032 euim
2374 975 2425 1033 ei
2446 977 2656 1049 segnem

1599 1058 1827 1108 indolem
1849 1057 2010 1107 fuisse
2031 1057 2225 1121 ferunt,
2244 1062 2342 1108 dte.

1663 1130 1826 1183 Patet
1866 1131 2018 1196 infra,
2062 1129 2397 1197 Agrippinam
2425 1133 2653 1183 'irrisum

1573 1208 1815 1256 ⁷voluisse
1854 1209 2228 1268 Britannicum,
2271 1203 2496 1258 voluisse
2532 1224 2658 1274 pue·

1600 1300 1710 1334 rum
1735 1286 1787 1334 in
1807 1286 2084 1335 ludibrium
2110 1287 2240 1335 aulae
2261 1293 2479 1349 vertere,
2500 1296 2558 1336 ut
2581 1287 2655 1338 sic

1597 1362 1798 1412 facilius
1840 1357 2084 1411 eveheret
2122 1362 2401 1423 Neronem,
2440 1363 2655 1412 liberto-

1596 1454 1708 1488 rum
1742 1447 2240 1502 purpuratorumque
2277 1439 2443 1502 gratia
2470 1437 2655 1487 floreu-

1596 1523 1699 1563 tem
1724 1530 1791 1563 ex
1814 1514 2058 1563 memoria
2081 1514 2401 1574 Germanici,
2424 1521 2481 1563 et
2501 1514 2650 1578 longe

1595 1590 1754 1653 magis
1776 1595 1887 1639 arte
1908 1582 1962 1639 et
1984 1589 2211 1639 subsidio
2231 1590 2428 1638 matris.
2485 1643 2499 1656 ,

1659 1667 1780 1715 Tac.
1805 1665 1940 1714 infra
1966 1669 2049 1716 41.
2084 1666 2099 1692 ‘
2121 1666 2191 1714 Et
2220 1665 2419 1713 ludicro
2443 1664 2659 1715 Circen-=

1594 1741 1722 1789 sium
1768 1742 1903 1804 quod
1940 1741 2263 1804 acquirendis
2307 1740 2447 1804 vulgi
2468 1741 2653 1790 studiis

1597 1818 1865 1881 edebatur,
1910 1818 2237 1867 Britannicus
2279 1818 2331 1866 in
2378 1822 2654 1880 praetexta,

1596 1894 1739 1943 Nero
1780 1893 2158 1955 triumphalium
2196 1898 2339 1941 veste
2371 1885 2654 1942 transvecti

1596 1975 1731 2018 snut.
1765 1970 2045 2031 Spectaret
2062 1969 2283 2033 populns
2304 1970 2440 2018 hunc
2463 1969 2652 2018 decore

1594 2040 1942 2108 imperatorio,
1959 2045 2102 2093 illum
2124 2045 2329 2107 puerili,
2351 2060 2412 2094 ac
2437 2044 2652 2107 perinde

1593 2118 1849 2167 fortunam
1872 2121 2137 2182 utriusque
2158 2119 2534 2181 praesumeret?

1661 2193 1747 2243 An
1801 2195 1959 2257 majus
2020 2194 2321 2257 excogitare
2375 2194 2649 2244 ludibrium

1596 2285 1760 2335 prava
1802 2270 2013 2320 foemina
2057 2271 2249 2334 potuit,
2294 2286 2448 2336 quam
2485 2271 2648 2324 filium

1593 2347 1857 2410 principis,
1869 2353 1925 2397 et
1940 2348 2142 2396 unicum
2159 2345 2359 2409 imperii
2375 2347 2648 2411 haeredem,

1592 2424 1781 2486 puerili
1805 2423 1999 2473 'habitu
2022 2423 2073 2472 in
2096 2436 2159 2473 ea
2182 2436 2366 2487 pompa
2384 2429 2649 2474 ostentare

1592 2501 1787 2562 populo
1814 2500 2059 2561 Romano,
2079 2500 2201 2549 dum
2222 2494 2647 2564 privignus,'dum

1592 2575 1794 2636 spurius
1822 2581 1877 2623 et
1908 2575 2160 2625 ascititius
2184 2577 2231 2625 N
2238 2591 2324 2625 ero
2348 2577 2646 2640 triumphali

1590 2655 1733 2699 veste
1752 2652 2201 2701 transveheretur?
2269 2646 2287 2658 ⁸

1650 2722 1736 2773 An
1759 2725 1942 2788 majori
1960 2726 2185 2775 ostentui
2208 2732 2265 2775 et
2284 2727 2508 2775 ludibrio
2529 2740 2644 2776 esse

1586 2800 1760 2862 potuit
1782 2801 2147 2850 Britannicus?
2202 2802 2372 2866 Igitur
2389 2808 2533 2865 puto,
2546 2817 2645 2866 per
2677 2832 2680 2835 Δ

1548 2900 1556 2907 ·
1585 2874 1951 2938 intempestiva
1965 2891 2200 2926 novercae
2220 2876 2404 2940 officia,
2420 2879 2644 2939 ludibrio

1585 2956 1701 2998 erat
1739 2949 1872 2998 filius
1896 2951 2133 3015 Caesaris,
2155 2952 2280 3001 ‘falsi
2321 2961 2511 3015 tamen,
2550 2969 2643 3004 seu

1585 3025 1692 3075 doli
1712 3029 2001 3077 novercalis
2022 3030 2327 3093 intelligens,
2347 3019 2446 3080 ἀὲ.

1649 3101 1802 3150 Illum
1844 3105 1996 3152 eliam
2044 3106 2187 3155 Nero
2228 3107 2397 3156 irrisui
2434 3098 2549 3156 esse
2586 3100 2639 3156 in

1585 3176 1703 3225 aula
1725 3179 1904 3240 voluit,
1926 3187 1983 3228 ut
2019 3187 2169 3243 patet
2199 3195 2265 3229 ex
2287 3193 2370 3242 eo,
2392 3183 2528 3245 quod
2552 3197 2640 3231 ex·

1586 3255 1876 3315 temporale
1918 3271 2124 3305 carmen
2167 3271 2197 3305 a
2236 3272 2396 3320 puero
2438 3260 2639 3308 cantari

1574 3327 1753 3390 jussit,
1793 3331 2072 3394 exegitque
2114 3335 2260 3395 regio
2290 3333 2428 3383 inter
2459 3334 2638 3383 ludum

1580 3402 1815 3467 imperio.

1647 3481 1710 3528 In
1729 3483 1933 3543 ludibria
1954 3484 2188 3547 vertebat]
2244 3486 2445 3549 Nempe
2464 3488 2546 3536 vel
2567 3487 2635 3537 ir-

1580 3554 1805 3617 ridebat,
1826 3559 1905 3606 vel
1927 3559 2255 3623 irridebatur,
2273 3562 2355 3610 vel
2387 3562 2437 3609 iu
2461 3564 2537 3611 sni
2562 3564 2635 3612 ln-

1580 3633 1798 3682 dibriun·
1823 3635 2283 3698 interpretabatur,
2307 3639 2390 3686 vel
2410 3637 2547 3688 forte
2569 3639 2635 3688 si-

1579 3709 1684 3756 mul
1706 3711 1815 3758 haec
1839 3711 2022 3760 omnia.
2090 3711 2243 3761 Illum
2265 3711 2402 3762 forte
2432 3714 2635 3763 irrideri

1578 3785 1738 3832 voluit
1781 3785 2083 3848 Agrippina,
2118 3795 2173 3835 et
2210 3788 2537 3837 Britannicus
2567 3790 2639 3838 A·

1578 3861 1873 3922 grippinam
1895 3862 2169 3924 irridebat,
2189 3863 2483 3927 intelligens
2505 3866 2631 3914 doli:
2655 3911 2660 3915 .

1575 3936 1733 3989 Forte
1755 3937 1822 3984 de
1844 3936 2096 3986 industria
2117 3939 2192 3987 sic
2215 3940 2451 4002 ambigue
2470 3943 2634 4006 scrip-

1576 4011 1645 4060 sit
1664 4013 1893 4073 Tacitus,
1917 4015 1996 4063 vel
2017 4020 2222 4077 sponte,
2245 4016 2325 4063 vel
2351 4017 2520 4078 genio,
2540 4018 2667 4069 ants

1576 4099 1670 4148 pro
1713 4100 1851 4134 more
1895 4088 2127 4149 aevi.sui;
2170 4090 2248 4139 sic
2283 4092 2494 4141 lectoris
2528 4093 2635 4141 ani-

1573 4176 1710 4211 mum
1730 4164 2174 4228 attentionemque
2205 4167 2483 4216 retinebat.

1647 4238 1896 4300 Vertebat]
1928 4238 2116 4306 Itaque
2159 4243 2243 4292 vel
2278 4242 2531 4293 irridebat
2539 4241 2635 4308 jud
