3100 4925
463 383 745 453 λεια]

1167 384 1580 435 Amnum:
1626 385 1773 435 ma.
1821 387 1968 437 xn.
2487 374 2661 446 1191

456 527 803 611 supplices
831 524 1173 592 utendum.
1215 546 1373 592 num
1426 527 1791 613 triumphos
1830 528 1915 595 de
1965 531 2239 616 populis
2284 530 2665 618 Regnisque

460 629 777 711 integrism
804 627 1104 712 acquiri.

460 797 740 859 triumphos
764 796 846 861 agi
870 795 937 845 de
957 796 1162 861 populis
1184 800 1241 846 et
1263 793 1588 862 principibus
1625 810 1842 862 regnum
1873 798 2254 863 obtinentibus,
2287 814 2393 852 non
2414 800 2480 856 de
2503 799 2669 852 exuli·

462 861 557 910 bus
580 869 633 911 et
656 875 816 925 regno
841 861 1021 924 pulsis.

1448 973 1663 1025 NOTAE

459 1086 601 1138 docti
644 1086 940 1152 possident:
991 1088 1047 1138 id
1078 1093 1202 1150 -est,
1248 1087 1516 1154 pervicacia

459 1164 709 1214 bonorum
763 1179 824 1214 nc
864 1162 1080 1214 fortium
1120 1165 1347 1214 virorum
1399 1171 1514 1226 est;

454 1239 722 1302 pertinacia
742 1240 990 1288 malorum
1009 1245 1066 1289 et
1086 1240 1460 1304 imperitorum.

528 1315 720 1371 Quanta
753 1315 1037 1378 perric-aeia]
1094 1317 1173 1366 Ea
1216 1317 1517 1381 pervicacia

461 1388 579 1454 fuit,
621 1397 680 1441 ut
723 1405 826 1440 non
862 1392 1111 1441 cederent
1134 1393 1352 1444 Romani
1382 1394 1516 1445 irato

463 1467 618 1532 coelo,
677 1464 1037 1518 intumescenti
1099 1482 1310 1532 oceano,
1350 1484 1519 1536 neque
1554 1492 1558 1496 ’

460 1542 552 1592 ulli
582 1543 633 1593 vi
668 1548 1056 1608 tempestatum,
1094 1546 1405 1608 praeliorum,
1429 1554 1521 1597 aut

460 1622 928 1685 oppugnationum:
975 1623 1113 1674 unde
1150 1638 1292 1689 saepe
1330 1626 1523 1690 clades,

461 1696 553 1746 sed
575 1698 765 1761 saepius
787 1705 956 1749 terror
980 1699 1032 1749 in
1065 1701 1243 1751 hostes
1277 1708 1335 1752 et
1358 1702 1519 1752 victo-

460 1771 554 1834 ria,
571 1771 692 1822 dein
717 1773 1005 1837 imperium.

469 1883 478 1891 .
524 1848 630 1898 Sed
667 1849 766 1898 hoc
802 1849 855 1897 in
880 1848 1228 1902 Aristocratia
1254 1851 1401 1915 utile,
1421 1868 1522 1918 qua

462 1938 616 1973 nemo
660 1925 900 1987 moritur,
937 1925 1037 1975 nisi
1076 1926 1208 1987 sibi3
1242 1926 1330 1976 ubi
1364 1927 1521 1979 duces

461 2007 584 2051 sunt
619 2002 951 2066 immortales,
984 2009 1040 2053 et
1074 2004 1306 2070 quotidie
1345 2018 1520 2055 renas-

459 2083 673 2139 cuntnr;
727 2084 783 2128 et
827 2079 914 2129 ubi
953 2078 1131 2143 gloriae
1175 2085 1378 2130 tantum
1409 2095 1519 2131 suae

456 2160 717 2218 metuunt,
745 2169 847 2205 non
888 2153 1233 2220 Reipublicae‚
1259 2171 1375 2221 quae
1417 2156 1520 2208 alia

457 2229 660 2294 aliaque
681 2229 913 2281 subsidia
932 2246 1138 2296 semper
1156 2232 1333 2283 habet.

520 2306 658 2356 Vide
694 2307 918 2372 Livium,
942 2309 1029 2358 ubi
1069 2315 1339 2373 comparat
1361 2308 1519 2362 Alex·

414 2376 427 2387 ⁸
457 2380 674 2432 andrum
694 2384 945 2448 Magnum
976 2400 1091 2435 cum
1127 2385 1345 2436 ducibus
1367 2387 1518 2437 Rom.

459 2457 608 2508 Unus
651 2457 755 2509 fuit
792 2459 1125 2522 Alexander;
1177 2461 1269 2511 sed
1313 2462 1521 2525 plurimi

457 2540 611 2585 erant
648 2533 809 2584 duces
836 2537 1072 2598 Romani,
1105 2536 1242 2586 bello
1275 2550 1442 2600 acres,
1462 2543 1520 2589 et

455 2606 594 2659 forte
618 2625 788 2673 pares,
807 2610 851 2660 si
875 2612 1028 2662 titulo
1047 2613 1193 2678 regio
1210 2613 1517 2665 niterentur.

522 2686 763 2736 Victoria
785 2689 1132 2740 Romanorum
1154 2689 1221 2740 de
1246 2694 1326 2740 tot
1354 2691 1522 2756 genti-

459 2762 575 2825 bus,
604 2763 682 2813 his
703 2762 810 2814 fere
834 2766 997 2815 causis
1022 2765 1180 2818 tribui
1202 2767 1382 2832 possit,
1402 2768 1520 2821 reli·

457 2838 597 2902 gioni
631 2852 754 2903 erga
777 2841 934 2905 Deos,
954 2842 1283 2893 abstinentiae
1319 2843 1370 2893 in
1390 2844 1521 2895 soci·
1559 2890 1568 2897 .

460 2929 539 2977 0³,
564 2915 848 2980 disciplinae
871 2918 1102 2982 militari,
1127 2934 1188 2969 ac
1212 2920 1519 2984 pervicacia

458 2990 512 3043 in
535 2991 729 3057 hostes,
748 2992 980 3044 libertati
1013 2994 1067 3043 in
1098 3009 1278 3045 servos
1300 3010 1521 3046 commu-

458 3068 668 3132 nicatae,
680 3070 1000 3120 concessioni
1024 3070 1254 3122 civitatis
1270 3077 1325 3121 et
1346 3072 1521 3135 curiae,

459 3143 641 3194 honori
663 3145 888 3209 virtutis,
925 3153 982 3195 et
1003 3145 1150 3198 donis
1170 3146 1358 3212 quibus
1384 3147 1521 3198 viros

459 3219 710 3269 militares
734 3218 1083 3271 decoravere:
1116 3227 1172 3272 et
1202 3221 1315 3272 haec
1351 3222 1522 3273 omnia

458 3295 725 3349 numinum
763 3295 904 3359 fatis,
925 3302 986 3346 ut
1029 3302 1087 3347 et
1129 3296 1400 3360 imperium
1442 3298 1522 3363 ip-

456 3385 567 3420 sum
588 3387 601 3422 t
636 3385 858 3437 namque
877 3374 892 3401 ‘
911 3372 1182 3439 imperium
1204 3372 1316 3425 fato
1334 3374 1521 3426 datur?

456 3448 583 3497 Tac.

462 3572 473 3578 -
523 3530 559 3556 ¹¹²
600 3525 726 3575 Nam
744 3526 1005 3589 triumphos
1024 3527 1083 3576 de
1110 3527 1297 3591 populis
1313 3527 1519 3591 Regnu-

465 3615 551 3663 9ιιι
572 3601 774 3664 integris
793 3602 998 3665 acquiri]
1029 3603 1095 3652 Id
1118 3610 1220 3667 est,
1241 3604 1309 3653 de
1346 3604 1411 3654 iis
1432 3606 1522 3671 qui

456 3674 652 3741 integri
696 3673 1045 3742 florentesque
1081 3678 1379 3740 vincuntur,
1417 3693 1521 3729 non

458 3752 523 3801 de
542 3752 862 3816 supplicibus
887 3768 947 3803 ac
971 3754 1178 3805 deditis.
1214 3756 1439 3807 Pinnem.

525 3830 656 3878 Nam
675 3829 937 3893 triumphos
964 3832 1023 3879 de
1055 3832 1239 3896 populis
1272 3830 1524 3896 regnisque

456 3902 683 3967 integris]
734 3906 929 3956 Nescio
952 3906 1074 3970 quid
1096 3906 1244 3956 nobis
1260 3907 1345 3956 hic
1364 3913 1525 3957 teme·

457 3994 514 4031 re
550 3977 766 4030 invertit
800 3981 1058 4046 interpres
1079 3981 1333 4045 Gallicus,
1354 3983 1526 4033 trium-

454 4055 627 4118 phasse
650 4057 884 4107 Romam
898 4058 956 4107 de
970 4057 1183 4119 omnibus
1198 4060 1527 4124 reg-vtissttque

456 4132 515 4187 de
541 4137 642 4182 toto
668 4137 904 4183 ten-rarum
926 4132 1051 4195 orbe.
1120 4134 1240 4183 Non
1270 4136 1351 4203 pic
1372 4136 1528 4186 Taci-

463 4213 562 4257 tm.
616 4234 619 4237 ·

1658 1089 1780 1139 Non
1813 1093 1975 1141 tantae
2013 1090 2258 1142 vanitatis
2295 1091 2406 1157 ilie,
2441 1099 2503 1143 ut
2541 1094 2666 1145 talia

1595 1166 1854 1229 cogitaret
1900 1173 1991 1217 aut
2030 1168 2302 1219 scriberet.
2379 1168 2542 1220 Aliud
2575 1172 2660 1221 hic

1591 1242 2033 1308 investigandum:
2067 1246 2239 1310 potius
2283 1251 2384 1309 est,
2408 1261 2555 1297 veros
2578 1249 2669 1299 tri·

1593 1319 1810 1384 umphos
1831 1321 2049 1387 acquiri,
2066 1334 2173 1373 non
2204 1322 2271 1373 de
2309 1322 2518 1387 regibus
2552 1338 2667 1389 spo-

1599 1393 1738 1444 liatis
1788 1410 2047 1462 regnoque
2087 1397 2334 1463 expulsis,
2371 1396 2464 1447 sed
2501 1412 2666 1463 regno

1598 1469 1833 1535 integris.

1671 1546 1945 1612 Regnisque
1961 1546 2190 1612 integris]
2220 1547 2470 1614 Vertunt,
2483 1548 2669 1614 acquiri

1599 1619 1860 1684 triumphos
1880 1622 1946 1672 de
1965 1623 2137 1685 regnis
2160 1621 2303 1686 totis,
2320 1622 2386 1672 dc
2414 1623 2669 1676 universis

1601 1696 1770 1758 regnis
1813 1697 2136 1762 populisque,
2179 1699 2233 1748 id
2296 1706 2395 1763 est,
2440 1699 2669 1751 obtineri

1601 1770 1915 1835 triumphum
1955 1771 2023 1823 de
2068 1772 2293 1838 populis,
2333 1787 2452 1824 cnm
2497 1779 2667 1825 totum

1602 1846 1832 1895 simulet
1868 1848 2161 1898 universum
2195 1863 2413 1913 regnum
2446 1850 2672 1915 acquiri·

1604 1926 1691 1970 tur
1713 1928 2027 1987 putaturque
2049 1923 2222 1973 armis.
2272 1924 2377 1974 Sed
2400 1926 2455 1974 id
2476 1924 2667 1977 falsum

1600 2000 1763 2060 puto;
1798 1996 2109 2063 sufficiebat,
2147 2014 2355 2064 parasse
2392 2001 2533 2052 bello
2577 2001 2669 2053 ali·

1600 2087 1755 2138 quam
1776 2075 2115 2139 provinciam.

1664 2150 1854 2200 Melior
1878 2166 2054 2202 sensus
2084 2160 2182 2216 est,
2203 2156 2382 2219 acquiri
2404 2155 2670 2221 triumphos

1598 2225 1656 2273 de
1667 2226 1852 2289 populis
1871 2230 2139 2293 regnisque,
2161 2245 2251 2281 sen
2274 2230 2481 2296 regibus
2501 2232 2667 2299 (quod
2719 2292 2740 2310 Ι

1599 2299 1738 2350 idem
1781 2300 1885 2367 cst)
1916 2305 2138 2368 integris,
2171 2321 2273 2356 non
2318 2307 2525 2372 laceris,
2562 2323 2668 2360 non

1596 2377 1723 2428 solio
1751 2377 2061 2441 deturbatis,
2092 2381 2349 2444 spoliatis,
2367 2381 2666 2434 extorribus

1597 2459 1655 2503 et
1693 2454 1951 2519 exulibus,
1974 2457 2139 2521 qualis
2177 2455 2277 2508 fuit
2312 2457 2667 2513 Mithridates.

1597 2526 1728 2580 Tac.
1752 2530 1880 2581 dicit
1904 2547 2053 2595 regua
2075 2545 2171 2596 pro
2197 2531 2406 2597 regibus,
2445 2541 2506 2584 ut
2526 2534 2668 2587 infra

1598 2605 1868 2656 nobilitates
1884 2612 2105 2657 externus
2127 2615 2279 2659 vocat
2298 2625 2450 2672 reges.

1668 2685 1737 2733 Et
1783 2690 1928 2734 certe
1970 2686 2227 2750 quodnam
2270 2687 2428 2739 decus
2470 2687 2667 2741 nomini

1601 2752 1836 2808 Romano
1882 2758 2226 2825 triumphasse
2250 2760 2317 2810 de
2353 2775 2478 2826 rege
2500 2758 2671 2826 pulso,

1601 2850 1755 2899 vago,
1778 2842 1834 2886 et
1857 2837 2031 2897 exule,
2054 2837 2141 2900 qui
2175 2838 2342 2886 nullas
2379 2852 2526 2901 opes,
2554 2840 2668 2888 nul-

1601 2913 1706 2961 lum
1729 2912 2011 2962 subsidium
2033 2913 2273 2977 haberet,
2293 2913 2390 2962 nisi
2426 2914 2481 2963 in
2511 2913 2667 2977 suga?

1599 3003 1698 3040 nec
1754 2994 1999 3053 poteraut
2041 2988 2358 3053 triumphare
2402 2988 2467 3039 de
2522 3004 2668 3055 rege,

1600 3066 1724 3132 quin
1768 3066 1916 3116 simul
1958 3065 2344 3129 triumpharent
2388 3060 2466 3114 de'
2505 3080 2667 3130 regno

1601 3143 1691 3194 illo
1720 3142 2080 3207 Bosphorano.

1666 3218 1742 3270 At
1764 3221 1852 3286 qui
1875 3221 2255 3285 triumpharent
2276 3217 2342 3269 de
2382 3234 2544 3285 regno
2579 3234 2669 3283 pa·

1600 3301 1738 3359 cato,
1775 3300 1833 3345 et
1865 3294 1951 3346 cui
1993 3309 2086 3345 rex
2124 3295 2393 3360 impositus
2429 3300 2546 3344 erat
2568 3295 2666 3346 Co-

1602 3377 1623 3420 t
1661 3372 1718 3421 s?

1623 3387 1826 3496 yForte
1869 3445 2028 3496 etiam
2080 3459 2261 3495 sensus
2316 3459 2429 3494 esse
2484 3444 2669 3513 possit,

1601 3521 1906 3586 triumphari
1923 3521 1990 3571 de
2014 3521 2217 3585 populis
2241 3521 2513 3586 regnisque
2535 3520 2668 3571 inte-

1603 3602 1731 3665 gris,
1774 3613 1875 3648 non
1920 3599 1985 3648 de
2032 3613 2135 3648 uno
2176 3599 2381 3649 homine
2431 3605 2667 3665 tanturm

1604 3676 1910 3742 triumphari
1928 3676 1994 3726 de
2014 3668 2187 3739 regnis
2204 3690 2297 3725 seu
2314 3676 2545 3740 regibus,
2563 3672 2671 3726 non

1602 3751 1669 3802 de
1710 3752 1916 3817 privato
1947 3751 2178 3814 bomine,
2202 3757 2293 3801 aut
2315 3750 2381 3800 de
2402 3751 2540 3801 iuani
2561 3765 2670 3801 um·

1604 3823 1701 3879 bra
1721 3829 1876 3891 regis.

1670 3905 1944 3975 Reginisque
1961 3904 2186 3969 integris]
2214 3903 2282 3955 Id
2304 3903 2490 3955 referri
2506 3892 2671 3955 debet

1608 3980 1672 4033 ad
1718 3980 1947 4045 id,quod
1985 3974 2208 4031 habetur
2244 3995 2399 4045 supra
2429 3993 2477 4029 c.
2496 3983 2577 4029 19.
2612 3985 2671 4031 et

1606 4072 1908 4123 responsum
1948 4064 2028 4107 est
2069 4056 2149 4106 his
2187 4056 2360 4107 verbis
2398 4055 2666 4107 Eunonis·

1606 4135 1630 4171 ‘-
1645 4135 1770 4184 Non
1817 4133 2123 4197 potentiam,
2164 4148 2269 4183 uon
2312 4147 2525 4197 regnum
2550 4145 2667 4197 pre-

1609 4210 1744 4274 cari,
1762 4209 1853 4261 sed
1873 4222 1940 4259 ne
1965 4197 2415 4287 triumpharetur}
2429 4211 2527 4258 διο.
