3100 4925
448 443 504 501 s.
527 447 588 502 c,
611 441 722 513 553
751 441 762 500 3

1151 439 1601 492 'ANNALIUM'
1634 438 1790 492 MB.
1824 441 2006 491 xm.

2397 424 2659 493 ’1391

456 582 791 656 mmusf
869 586 1137 672 Decreti
1190 591 1261 666 et
1308 605 1351 662 a
1383 573 1648 653 'Senatu
1697 584 1883 652 “duo
1928 585 2226 666 lictores,-
2259 583 2657 664 Flaminium

456 688 803 754 Glandiale
822 688 900 770 ;’⁸
960 689 1158 753 simul
1212 692 1233 724 ‘
1265 688 1551 754 Claudio
1604 687 1995 752 Censorium
2044 684 2315 766 funuS,’¹³
2373 694 2439 753 et
2494 706 2657 754 mox

449 794 477 844 -‘
509 787 989 856 consecratio?i

455 906 745 956 MATRIS.
811 906 1001 955 &atati
1032 905 1133 968 ipsi
1170 922 1200 955 a
1219 904 1450 955 Patribus
1471 906 1576 955 duo
1597 905 1826 965 lictores,
1850 905 2194 955 sacerdotium
2217 902 2446 955 Claudiae
2469 902 2663 970 gentis,

452 971 589 1021 simul
604 976 650 1020 et
672 970 827 1021 funus
846 972 1134 1020 censorium
1156 970 1391 1035 Claudio,
1418 975 1468 1019 et
1486 986 1598 1020 mox
1618 971 1908 1035 apotheosis
1922 973 2249 1054 decer-nuntium

1443 1065 1667 1116 NOTAE

449 1154 550 1207 bus
593 1157 802 1228 palatii.'
855 1159 990 1222 Nec,
1032 1166 1176 1223 puto,
1203 1157 1362 1208 dabat
1402 1157 1513 1223 ipse

447 1232 652 1296 signum
695 1235 748 1283 in
787 1236 976 1285 castris
1013 1236 1360 1298 praetorianis,
1398 1249 1513 1299 quoe

453 1312 634 1372 procul
670 1312 903 1375 aberant,
942 1312 1034 1361 sed
1075 1318 1276 1362 tantum
1298 1311 1349 1360 in
1375 1313 1516 1375 pala·

451 1387 526 1436 tio
549 1387 825 1438 excubanti
848 1389 1067 1450 cohorti,
1088 1388 1187 1436 nisi
1208 1386 1342 1437 forte
1376 1393 1515 1436 ntro-

451 1462 608 1528 bique
630 1464 770 1514 idem
787 1465 985 1528 signum
1008 1472 1164 1514 esset.

453 1549 460 1556 ’
516 1538 756 1603 fOptimoe
772 1540 961 1601 matris]
983 1540 1127 1589 Suet.
1145 1541 1274 1589 Ner.
1297 1544 1346 1590 9.
1370 1541 1386 1568 ‘
1402 1540 1514 1589 Ma·

446 1614 521 1665 ‘tri
559 1631 803 1665 summam
834 1617 1058 1666 om'nium
1093 1630 1263 1664 rerum
1286 1615 1513 1678 publica-

447 1698 565 1742 rum
588 1692 1008 1757 privatarumque
1031 1692 1285 1756 permisit.
1339 1692 1512 1742 Primo

454 1770 613 1819 etiam
634 1769 832 1834 imperii
868 1772 973 1833 die,
995 1772 1197 1835 signum
1232 1770 1513 1819 excubanti

447 1845 685 1895 Tribuuo
738 1847 902 1909 dedit,
950 1847 1216 1911 Optimam
1255 1847 1514 1918 Matrem,'

453 1935 571 1985 quae
595 1920 814 1970 dederat
837 1913 1125 1985 imperium'.
1192 1923 1313 1973 Jam
1337 1927 1393 1971 et
1424 1922 1513 1970 illo

449 1996 619 2060 primo
641 1996 724 2046 die
755 1998 896 2046 exire
920 1998 1034 2046 aula
1065 2004 1121 2045 et
1154 1997 1309 2047 rebus
1332 1997 1514 2065 debuit

450 2078 638 2133 mater,
657 2072 701 2121 si
720 2087 904 2136 sapere
926 2073 1198 2138 potuisset.

449 2169 458 2182 ·
516 2154 543 2192 8
566 2149 680 2197 Duo
700 2149 902 2213 lictores,
924 2149 1211 2199 Flaminium
1243 2145 1511 2212 Claudiule]

452 2222 528 2272 At
545 2223 707 2273 nviae
718 2225 959 2274 decretus
974 2225 1132 2275 lictor
1146 2232 1346 2276 tantum
1365 2241 1517 2285 unus,

451 2302 509 2348 et
544 2297 600 2346 id
629 2299 799 2362 ipsum
819 2308 1091 2349 recusante
1106 2295 1332 2351 Tiberio.
1400 2303 1514 2353 Flu-

449 2375 652 2425 miniam
676 2375 935 2438 Claudiale,
966 2377 1220 2440 quomodo
1242 2379 1307 2427 ad
1330 2378 1525 2429 hones-t

450 2452 662 2503 tandam
682 2450 814 2503 facit
834 2449 1210 2517 Agrippinam?
1267 2454 1439 2505 Credo
1456 2463 1516 2507 ut

450 2528 562 2592 ipsa
591 2529 871 2579 Flaminica
904 2529 1109 2580 Claudii
1142 2537 1306 2581 esset:
1342 2545 1513 2580 exem-

450 2606 537 2672 plo
561 2606 741 2670 Liviae,
765 2605 879 2671 quie
901 2604 1147 2669 Augusti.

1593 1159 1773 1222 decus,
1794 1164 1854 1210 ut
1875 1163 2020 1224 puto,
2040 1156 2144 1208 fnit
2166 1157 2217 1208 in
2237 1155 2483 1206 excubiis.
2548 1155 2659 1206 Ha»

1596 1232 1710 1284 buit
1729 1232 2024 1298 Agrippina
2056 1232 2298 1284 custodes
2329 1230 2659 1298 praetorianos,

1595 1316 1652 1359 et
1668 1317 1925 1373 praeterea
1939 1311 2215 1371 Germanos,
2228 1308 2315 1372 qui
2332 1322 2426 1371 pro
2440 1306 2663 1372 foribus,

1596 1391 1653 1438 et
1687 1386 1822 1436 haud
1856 1387 2012 1436 dubie
2051 1401 2146 1451 pro
2178 1386 2370 1435 lectica
2402 1389 2656 1446 astarent,

1594 1466 1679 1514 vel
1715 1465 1871 1513 etiam
1909 1465 2178 1527 praeirent,
2218 1476 2387 1529 neque
2416 1461 2529 1526 ipsa
2548 1460 2658 1512 Au-

1592 1547 1742 1603 gusta
1765 1542 1886 1590 olim
1908 1542 2035 1591 tales
2055 1540 2256 1590 habuit.

1657 1619 1729 1666 Et
1765 1616 1921 1679 forte,
1961 1623 2020 1666 ut
2040 1615 2329 1666 Flaminica
2353 1614 2454 1665 ‘seu
2486 1621 2657 1665 sacer-

1593 1691 1687 1742 dos
1737 1692 1960 1754 Claudii,
1999 1691 2183 1740 habuit
2235 1691 2390 1740 hosce
2443 1690 2658 1739 lictores

1594 1767 1903 1832 Agrippina,
1939 1775 1994 1817 et
2029 1768 2093 1816 ad
2126 1768 2288 1816 instar
2328 1763 2658 1815 sacerdotum

1594 1858 1686 1892 seu
1730 1844 1980 1907 virgiuum
2021 1845 2218 1905 Vestae,
2271 1855 2367 1905 per
2403 1855 2658 1890 summum

1593 1919 1770 1972 decus.
1839 1922 1975 1971 Nam
2013 1921 2170 1970 etiam
2214 1925 2465 1983 carpento
2501 1923 2659 1970 vecta

1592 2009 1724 2059 ipsa.

1658 2069 1907 2122 Attamen
1949 2072 2096 2123 Livia
2128 2072 2381 2122 habuerat
2415 2069 2656 2120 lictorem

1593 2160 1768 2210 unum,
1792 2153 1852 2197 ut
1872 2149 2066 2212 regina,
2084 2155 2143 2198 ιιι
2164 2163 2293 2199 uxor
2313 2147 2659 2209 dominantis3

1593 2235 1696 2271 non
1734 2228 1794 2271 ut
1833 2224 2072 2274 sacerdos
2094 2225 2331 2288 praecise,
2350 2224 2442 2274 sed
2466 2233 2655 2286 tamen,

1592 2294 1732 2348 forte
1759 2300 2000 2362 exemplo
2021 2300 2327 2348 Vestalium.
2392 2299 2496 2348 Sed
2531 2313 2659 2352 non·

1594 2373 1712 2422 dum
1755 2374 1926 2423 statim
1980 2389 2042 2423 eo
2086 2390 2249 2440 usque
2287 2379 2479 2424 evecta'
2507 2375 2658 2424 Livia

1591 2450 1844 2516 Augusta,
1901 2458 1960 2502 ut
2002 2453 2223 2504 haberet
2259 2454 2388 2503 duos
2419 2452 2657 2518 lictores,

1591 2535 1680 2578 aut
1733 2529 1976 2579 custodes
2008 2556 2015 2561 ·
2047 2531 2387 2595 praetorianos
2438 2530 2659 2580 Germa-

1588 2620 1821 2671 nosque;
1874 2619 2042 2672 neque
2104 2612 2164 2658 ιιι
2206 2612 2457 2672 carpento
2501 2608 2655 2658 vehe-

514 2683 651 2732 Nam
689 2698 802 2733 eam
838 2685 1160 2734 sacerdotem
1180 2684 1408 2749 Augusti
1430 2684 1511 2734 fu·
1588 2687 1750 2732 retur.

449 2757 550 2808 isse
573 2759 723 2809 docui
745 2760 810 2809 ad
850 2762 883 2810 l.
918 2774 957 2810 1.
978 2762 1249 2826 Velimqu‘e
1269 2761 1391 2811 addi
1410 2762 1511 2811 Pa-

448 2836 634 2886 terculi
667 2837 853 2901 locum,
883 2837 920 2886 l.
950 2850 1014 2888 ιι.
1045 2838 1063 2866 ⁴
1089 2838 1236 2888 Livia
1258 2839 1511 2888 Romana-

448 2910 1003 2975 rum‘eminentissima‚
1021 2928 1173 2977 quam
1189 2921 1372 2978 postea
1392 2928 1510 2964 con·

440 2986 620 3058 jugem
644 2987 863 3051 Augusti
895 2989 1132 3052 vidimus,
1159 3002 1310 3054 quam
1344 2996 1509 3041 trans-

428 3062 615 3126 ·‘gressi
636 3063 701 3111 ad
726 3064 866 3112 Deos
889 3064 1209 3127 sacerdotem
1233 3079 1293 3113 ac
1315 3064 1510 3115 filiam.’

450 3139 619 3187 Recte
640 3138 731 3188 sic.
752 3138 900 3187 Livia
921 3139 1060 3187 enim
1079 3145 1180 3200 est,
1202 3154 1316 3202 quae
1338 3140 1507 3190 mariti

449 3214 546 3279 sui,
566 3213 618 3262 iu
641 3214 779 3263 Deos
800 3214 971 3278 relati,
988 3220 1044 3263 et
1062 3215 1302 3265 sacerdos
1322 3215 1423 3267 fuit
1455 3222 1510 3268 et

448 3287 573 3338 filia.
635 3289 844 3352 Lipsius.

455 3376 462 3383 “
515 3366 627 3416 Duo
640 3366 852 3430 lictores]
895 3369 1075 3418 Decus
1093 3366 1229 3419 idem
1246 3371 1366 3422 olim
1382 3371 1510 3422 Ves-

448 3442 520 3493 ιω
543 3442 822 3508 virginibus
853 3445 1202 3495 attribuerent
1219 3442 1509 3499 Triumviri.

448 3516 538 3568 Ita
575 3523 768 3580 tamen,
807 3524 866 3567 ut
904 3533 1062 3569 unum
1095 3519 1330 3570 lictorem
1361 3523 1513 3572 habe-

448 3592 588 3656 rent,
611 3598 666 3644 at
696 3609 833 3644 nunc
857 3595 1163 3659 Agrippina».
1182 3597 1338 3647 decus
1361 3613 1512 3662 auge·

449 3674 553 3733 tur,
574 3670 660 3719 cui
681 3672 771 3719 duo
792 3670 980 3720 εἰσίωσι
996 3671 1366 3724 decernuntur.

471 3771 475 3774 ⁴
514 3746 589 3799 Hi
626 3746 854 3810 lictores,
876 3762 977 3797 non
999 3749 1162 3797 solum
1196 3749 1514 3801 comitaban-

450 3822 537 3875 tur
575 3824 628 3873 in
663 3825 928 3888 publicum
965 3825 1268 3889 turbamque
1291 3841 1511 3876 summo-

448 3901 657 3962 vebant,
678 3900 768 3949 sed
786 3901 1101 3951 assistebant
1118 3898 1441 3965 imperitanti
1457 3903 1512 3952 in

448 3976 738 4041 penatibus,
748 3977 899 4040 jussa
916 3978 1208 4040 executuri,
1228 3978 1513 4028 salutantes

449 4050 750 4102 accersituri
768 4052 852 4099 vel
873 4053 1113 4116 amoturi,
1134 4061 1190 4103 et
1226 4054 1325 4117 alia
1345 4054 1399 4103 id
1423 4068 1509 4118 ge-

446 4141 543 4178 nus
565 4125 735 4176 officia
761 4127 1055 4178 exhibituri.

461 4219 468 4224 ·
513 4206 626 4256 Duo
657 4204 868 4267 lictores]
919 4207 1226 4272 Intelliguut
1266 4211 1509 4268 custodem

445 4282 622 4349 vulgo,
639 4320 642 4321 ν
657 4283 740 4332 des
775 4284 968 4344 gar-des.
1032 4284 1139 4334 Sed
1177 4290 1324 4336 certe
1344 4286 1508 4350 majus

1652 2756 1759 2806 Sed
1779 2762 1840 2805 ut
1865 2757 2057 2807 crescit
2089 2771 2294 2822 semper
2328 2757 2557 2806 adulatio
2597 2762 2656 2808 et

1592 2832 1824 2897 audacia,
1844 2834 2006 2883 hocce
2043 2834 2230 2884 decore
2254 2847 2310 2881 se
2334 2832 2656 2896 provehebat

1595 2909 1708 2972 ipsa
1741 2908 2051 2974 Agrippina,
2092 2909 2186 2959 sub
2223 2907 2366 2958 facili
2404 2908 2658 2974 principe,

1595 2984 1734 3049 quod
1768 2986 1896 3035 nulli
1931 2983 2151 3035 foeminae
2172 2986 2420 3035 hactenus
2446 2998 2657 3041 conces·

1594 3074 1707 3110 sum
1760 3067 1890 3111 erat.
1976 3063 2096 3115 Jam
2144 3063 2306 3112 etiam
2358 3072 2656 3113 consessum

1591 3137 1772 3186 habuit
1809 3138 1955 3189 Livia
1999 3140 2053 3188 in
2097 3139 2314 3191 theatris
2352 3136 2491 3190 inter
2525 3138 2655 3191 ves-

1591 3213 1741 3264 tales.

1654 3289 1770 3338 Jam
1788 3289 1889 3353 ipsi
1921 3295 1978 3341 et
2001 3290 2246 3340 Octavioe‘
2258 3288 2659 3352 concessumjtts

1592 3365 2025 3429 triamliberorum,
2054 3372 2109 3416 et
2127 3366 2352 3428 Amata
2387 3366 2656 3432 appellata

1594 3447 1736 3490 erat:
1773 3443 1913 3506 quod
1932 3454 2116 3493 nomen
2139 3448 2230 3494 aut
2252 3443 2409 3492 decus
2429 3454 2529 3490 non
2552 3447 2658 3490 sta-

1594 3518 1689 3566 tim
1727 3519 2104 3581 pervulgatum.
2171 3518 2358 3582 Neque
2396 3516 2522 3566 illud
2565 3516 2654 3566 ha·

1592 3595 1752 3645 buere
1791 3596 1966 3646 statim
1997 3609 2183 3644 uxores
2222 3602 2313 3644 aut
2336 3608 2537 3644 sorores
2561 3594 2660 3645 doe

1592 3665 1895 3722 minantium
1913 3688 1939 3732 ;¹
1959 3670 2060 3721 fuit
2083 3677 2257 3721 tamen
2277 3685 2443 3721 nomen
2465 3671 2651 3734 uxoris,

1590 3747 1756 3812 inquit
1777 3742 1996 3811 Plinius,
2015 3763 2109 3798 seu
2131 3749 2342 3812 reginae.

1658 3827 1770 3875 Duo
1789 3823 1998 3887 lictores]
2036 3823 2206 3888 Igitur
2226 3825 2390 3889 major
2409 3824 2460 3873 ei
2487 3815 2654 3874 honos

1591 3901 1798 3950 habitus
1855 3914 2008 3964 quam
2051 3899 2213 3949 Liviae
2253 3899 2525 3965 Augustae,
2567 3899 2654 3951 cui

1592 3990 1724 4027 unus
1745 3982 1947 4026 tantum
1963 3977 2133 4037 lictor,
2151 3976 2227 4026 sic
2248 3975 2507 4040 posterior
2528 3975 2654 4026 adu-

1593 4053 1720 4103 latio
1742 4054 1903 4116 magis
1941 4053 2221 4117 ingeniosa.
2286 4052 2351 4102 Id
2389 4058 2535 4116 puto,
2572 4050 2652 4103 in·

1588 4130 1887 4179 troductum
1929 4129 2169 4192 exemplo
2197 4127 2501 4190 Vestalium,
2518 4140 2523 4147 ⁴
2538 4126 2651 4191 qui-

1589 4205 1683 4254 bus
1718 4218 1850 4253 unus
1893 4203 2046 4253 lictor
2080 4202 2299 4265 astabat,
2339 4201 2427 4266 qui
2471 4202 2525 4251 in
2563 4201 2651 4251 via

1590 4282 1798 4332 turbam
1838 4279 2164 4331 submoveret
2221 4278 2432 4330 honoris
2473 4288 2667 4331 causac
