3100 4925
371 428 427 494 ·.,
697 453 704 460 -
1152 426 1563 482 nummum
1616 427 1763 478 mn.
1812 425 1957 478 xn.
2471 416 2643 482 1141

524 578 632 642 25.
682 573 867 640 Nero
908 556 1250 638 Domitius
1284 591 1327 635 a
1353 569 1641 636 Claudio
1669 570 2022 653 adoptatur
2060 573 2454 637 auctoritate
2483 573 2643 639 Pal-

438 681 661 744 lantiS.
770 678 879 743 26.
944 675 1372 739 Britannicus
1414 673 1801 757 depr-essue.
1917 673 2026 739 27.
2070 674 2182 739 28.
2227 671 2511 740 Colonia
2564 677 2640 739 in

441 781 660 845 Ubios
702 780 1004 845 deducta.
1087 776 1274 860 Catti
1301 777 1652 844 latrocinia
1701 778 2025 858 agitantes
2071 776 2442 842 vincuntur.
2530 778 2640 843 29.

435 881 546 948 30.
590 882 897 950 Vannius
927 880 1296 944 Suevorum
1326 876 1485 943 Rex
1508 898 1552 943 a
1574 879 1716 942 suis
1747 878 2001 960 pulsuS.

520 985 630 1048 31.
678 983 780 1047 In.
799 982 1134 1047 Britannia
1160 982 1499 1046 turbantes
1533 979 1834 1064 reprimit
1871 977 2186 1044 Ostorius
2216 978 2481 1061 Icenos,
2526 983 2636 1049 32.

437 1085 722 1168 GangoS,
769 1085 1145 1167 Brigantes.
1230 1082 1513 1150 33-35.
1566 1081 1856 1150 Silurum
1899 1082 2156 1165 Regem
2191 1081 2637 1150 Caractacum

434 1189 658 1251 vincit.
747 1186 857 1276 36.
904 1185 998 1263 Is,
1049 1184 1341 1269 Romam
1384 1184 1772 1267 perductus»,
1812 1185 1923 1250 37.
1967 1186 2263 1249 mascule
2296 1184 2638 1252 Caesarem

436 1289 791 1372 alloquitur
838 1295 908 1354 et
942 1288 1209 1353 veniam
1237 1289 1566 1371 impetrat.
1654 1286 1764 1353 38.
1808 1287 1918 1353 39.
1967 1279 2273 1352 Britanni
2310 1288 2488 1354 vires
2537 1309 2640 1354 re-

430 1397 684 1473 parant.
776 1389 1106 1469 Ostorius,
1140 1389 1428 1456 obtentis
1473 1389 1791 1474 triumphi
1836 1390 2224 1473 insignibus,
2272 1390 2435 1456 obit.
2526 1389 2642 1459 40.

435 1491 516 1557 Εἰ
546 1490 795 1558 Didius
826 1493 1170 1559 suffectus.
1258 1493 1529 1562 Bellum
1545 1494 1930 1584 intestinum
1958 1490 2239 1558 Venutii
2287 1497 2354 1557 et
2390 1492 2637 1574 Cartis·

429 1595 763 1662 manduae.

418 1693 422 1698 ’
513 1697 622 1760 41.
671 1696 922 1762 Neroni
943 1698 1159 1763 virilis
1188 1702 1344 1779 toga
1371 1700 1759 1776 maturatur,
1797 1698 2179 1781 posthabito
2222 1698 2629 1764 Britannico.

428 1799 556 1864 42:
607 1800 862 1864 Burrus
921 1800 1247 1866 Praetorio
1293 1799 1674 1884 praefectus
1792 1797 2185 1883 Agrippinae
2238 1801 2632 1882 arrogantia.

426 1899 703 1966 Vitellio
731 1901 930 1968 favet.
1013 1903 1121 1967 43.
1168 1903 1487 1985 Prodigia
1509 1900 1774 1968 Romae.
1862 1900 2126 1966 Caritas
2165 1920 2469 1967 annonae.

509 2005 794 2071 44-47.
840 2005 1100 2070 Bellum
1129 2003 1478 2070 Armenios
1505 2004 1674 2068 inter
1700 2008 1765 2068 et
1798 2001 2054 2069 Iberos,
2147 2003 2625 2100 Rhadamistus

369 2147 373 2151 »
420 2105 890 2174 Pharasmanis
934 2107 1110 2172 filius
1157 2107 1395 2172 Iberus
1442 2107 1694 2191 specie
1715 2105 1992 2172 foederis
2031 2106 2543 2172 Mithridatem
2523 2128 2626 2172 m-

423 2207 629 2286 vadit,
685 2209 924 2274 vinclis
980 2215 1229 2287 onerat,
1287 2208 1617 2274 interimit.
1730 2207 1846 2273 48.
1900 2203 2327 2288 Quadratus,
2404 2209 2622 2293 Syriae

423 2308 711 2388 PraeseS,
755 2300 847 2374 de
880 2311 1127 2374 ultione
1163 2311 1503 2376 deliberat.
1604 2311 1712 2377 49.
1737 2307 2078 2392 Pelignus
2109 2310 2624 2377 Rhadamistum

340 2469 350 2479 .
421 2417 662 2477 temere
680 2410 1007 2493 Regium
989 2414 1242 2495 insigne
1269 2432 1525 2479 sumere
1552 2414 1867 2480 hortatur.
1958 2415 2065 2479 50.
2112 2412 2343 2477 Parthi
2389 2411 2626 2478 Arme-

418 2514 602 2583 niam
629 2514 968 2581 invadunt.
1058 2516 1167 2579 51.
1210 2515 1691 2584 Rhadamistus
1711 2538 1753 2582 a
1780 2519 1922 2582 suis
1942 2516 2228 2621 pellitur.
2321 2514 2624 2651 Zenobia

419 2617 689 2700 conjux,
722 2618 809 2681 ab
837 2638 918 2682 eo
948 2620 1313 2696 vulnerata,
1345 2639 1519 2703 aegre
1545 2624 1865 2685 servatur.
1943 2662 1948 2667 »
2628 2702 2633 2708 Ι

499 2721 609 2786 52
656 2720 902 2787 Furius
922 2719 1403 2789 Scribonianus
1420 2724 1770 2806 relegatus.
1843 2720 1976 2787 SC.
2010 2721 2611 2820 detmathematicis.

416 2822 527 2888 53.
568 2821 704 2888 SC.
738 2821 1178 2888 Claudianum
1208 2824 1290 2887 de
1306 2824 1605 2889 foeminis
1625 2845 1778 2910 quae
1811 2826 2018 2890 servis
2044 2825 2614 2907 conjungerentur.

415 2923 739 2990 Adulatio
784 2927 857 2988 in
895 2927 1312 2992 ..Pallantem
1410 2929 1517 2992 54.
1585 2927 1785 2993 Felix
1831 2934 1897 2993 et
1952 2925 2297 2993 Ventidius
2351 2928 2621 2992 turbant

150 3088 159 3097 .
199 3032 212 3046 ⁶
270 3028 277 3034 ’
400 3017 740 3092 ‘Judaea'su
824 3010 1205 3107 Quadratus
1231 3028 1519 3113 quietem
1548 3029 1781 3094 reddit.
1869 3030 1975 3097 55.
2020 3024 2297 3094 Motus
2278 3047 2346 3095 m
2377 3025 2617 3095 Cilicia

412 3127 602 3192 sedat
630 3128 786 3193 Rex
815 3128 1212 3196 Antiochus.

497 3232 606 3296 56.
652 3231 877 3297 Lacus
907 3232 1203 3299 Fucinus
1231 3234 1516 3303 emissus
1546 3239 1613 3299 et
1654 3235 1725 3301 in
1751 3201 1836 3307 eo
1860 3232 2104 3299 navale
2134 3232 2611 3317 spectaculum,

303 3345 310 3351 ”
409 3334 519 3398 57.
565 3340 631 3398 et
659 3335 1030 3414 convivium
1062 3353 1214 3398 cum
1242 3336 1564 3420 periculo.
1650 3335 1764 3400 58.
1812 3334 1994 3400 Nero
2026 3334 2206 3399 ducit
2238 3333 2611 3399 Octaviam.

407 3434 518 3503 59.
563 3435 864 3533 Statilius
914 3436 1184 3509 Taurus
1228 3457 1529 3502 eversuS.
1617 3439 1729 3507 60.
1779 3437 2293 3503 Procuratorum
2341 3436 2407 3499 in
2460 3455 2611 3518 pro·
2710 3514 2714 3519 .

407 3536 661 3602 vinciis
701 3539 1063 3604 auctoritas
1116 3546 1333 3606 aucta.
1436 3541 1549 3606 61.
1616 3540 1777 3605 Cois
1832 3558 2156 3605 concessa
2208 3538 2657 3603 immunitam

405 3637 514 3702 62.
562 3639 670 3704 63.
704 3640 1046 3725 Byzantiis
1075 3642 1390 3707 tributum
1415 3642 1504 3709 ad
1532 3647 1797 3727 tempus
1823 3642 2209 3715 remissum.
2252 3637 2399 3725 ejus
2426 3639 2614 3704 urbis

214 3812 224 3822 ι
322 3768 329 3775 ·
405 3739 596 3804 situs„

430 3841 596 3906 6.4
631 3841 960 3925 Prodigia
1009 3844 1400 3910 Claudianae
1459 3847 1670 3912 necis.
1786 3848 1894 3913 65.
1941 3844 2217 3928 Lepidae
2274 3862 2455 3910 mors
2506 3844 2607 3909 in-

404 3942 605 4009 dicta.
695 3943 1005 4011 Narcissi
1046 3946 1274 4012 liberae
1316 3966 1539 4013 voces,
1647 3949 1757 4014 66.
1803 3949 1911 4014 67.
1960 3947 2315 4013 Claudium
2360 3945 2605 4034 Agrip-

401 4044 563 4124 pina
582 4064 833 4113 veneno
863 4049 1053 4114 tollit.
1140 4049 1249 4115 68.
1299 4049 1483 4116 Nero
1512 4052 1877 4136 primordia
1905 4051 2176 4137 Imperii
2208 4051 2410 4135 capit.
2489 4051 2600 4118 69.

402 4144 633 4213 Funus
665 4156 735 4214 et
764 4152 1176 4218 consecratio
1205 4150 1497 4219 Claudii.
1587 4153 1801 4221 Gesta
1827 4155 1974 4220 haec
2002 4155 2192 4218 annis
2235 4173 2384 4232 sex,
