3100 4925
442 397 500 451 ῦς
520 382 710 459 0535]
763 406 774 411 ”

1137 385 1556 440 ANNAMUM
1607 389 1754 440 mn.
1802 391 1952 440 XII*-

2463 376 2636 446 1333

1431 572 1646 624 NOTAE

446 683 476 719 a
497 670 727 733 Nerone,
748 676 804 719 et
832 669 899 718 de
919 669 1016 718 hac
1046 664 1259 718 Sueten.
1280 682 1393 733 cap.
1416 671 1498 719 34.

446 743 715 796 Hactenus
739 746 961 810 Lipsius.

511 824 611 872 Sed
643 823 794 882 ‚unde
837 822 925 870 iile
970 822 1145 882 habet,
1175 820 1334 870 fuisse
1369 819 1498 869 duas

445 897 690 963 Lepidus?
733 900 871 949 unde
905 900 1064 949 habet
1105 899 1236 947 hanc
1273 899 1500 948 minorem

444 972 620 1036 fuisse,
659 981 713 1024 et
757 989 894 1023 nnnc
937 974 1159 1023 occisam
1205 987 1336 1034 esse,
1395 988 1496 1022 non

446 1052 667 1114 postea?
717 1051 843 1100 dicit
879 1051 1013 1111 haec,
1038 1064 1136 1097 non
1176 1050 1362 1113 probat
1381 1050 1500 1111 Lip-

445 1125 565 1175 sius.
619 1127 752 1175 Nam
776 1140 889 1175 cum
914 1126 1065 1173 sileat
1086 1125 1301 1174 historia
1321 1124 1387 1173 de
1411 1126 1501 1174 du-

446 1201 574 1251 abus
606 1202 836 1265 Lepidis,
868 1207 923 1250 et
945 1200 1143 1264 Lepida
1162 1201 1317 1250 amita
1337 1202 1502 1250 Nero-

444 1279 522 1328 nis
536 1285 717 1343 postea
734 1278 1079 1327 interficiatur
1092 1293 1122 1326 a
1139 1278 1347 1327 Nerone
1365 1277 1503 1340 apud

446 1354 594 1404 Suet.
621 1369 723 1404 non
748 1353 1128 1417 distinguendo,
1151 1368 1216 1401 an
1240 1354 1403 1401 minor
1437 1368 1503 1401 an

447 1428 608 1493 major
628 1429 713 1489 sit,
744 1435 798 1478 et
839 1430 1073 1479 absolute
1115 1430 1336 1478 Domitia
1358 1445 1505 1480 voce-

448 1510 551 1569 tur,
572 1510 789 1569 apparet
807 1503 963 1553 fuisse
999 1518 1151 1553 unam
1176 1511 1376 1554 tantum
1399 1506 1506 1554 Do-

446 1580 642 1629 mitiam
685 1579 958 1642 Lepidam,
1002 1593 1119 1643 quae
1173 1586 1380 1628 servata
1438 1581 1508 1629 sit

447 1666 584 1703 nunc
608 1654 915 1703 auctoritate
950 1661 1005 1702 et
1040 1655 1208 1716 gratia
1242 1654 1507 1715 Narcissi3

451 1734 508 1778 et
553 1745 668 1794 quae
714 1730 832 1778 dein
870 1743 1070 1778 veneno
1116 1729 1321 1779 sublata
1364 1730 1434 1779 sit
1478 1744 1509 1779 a

452 1803 682 1867 Nerone,
698 1811 816 1867 post
837 1804 1018 1852 matris
1038 1803 1232 1853 caedem
1256 1804 1309 1852 in
1331 1820 1506 1856 omnes

449 1880 767 1943 propinquos
784 1881 1050 1941 saeviente,
1074 1881 1219 1944 quasi
1236 1886 1296 1929 ut
1314 1882 1509 1931 ultimus

450 1956 715 2004 AEneadum
736 1962 1031 2018 superesset
1054 1956 1182 2019 ipse.

517 2031 675 2081 Certe
696 2045 762 2079 ex
796 2030 1087 2080 nullo'loco
1123 2031 1378 2094 Suetonii,
1412 2034 1506 2082 Ta·

453 2105 562 2168 citi,
595 2112 686 2155 aut
718 2105 902 2156 Diouis
941 2106 1114 2168 colligi
1135 2113 1328 2170 potest,
1349 2107 1507 2158 fuisse

453 2180 578 2229 duas
620 2181 872 2240 Domitiae
915 2195 1115 2230 sorores
1158 2183 1378 2232 Domitii
1420 2183 1520 2248 qui'

453 2261 603 2317 pater
638 2255 885 2316 Neronis3
933 2255 1087 2305 immo
1128 2271 1280 2306 unam
1327 2260 1511 2309 asserit

454 2328 649 2379 diserte
683 2331 959 2380 Suetonius
1000 2338 1222 2396 utroque
1255 2334 1402 2396 loco;
1451 2341 1508 2384 et

454 2405 669 2454 eandem
718 2406 993 2472 utrobique
1045 2408 1241 2457 amitam
1289 2411 1509 2462 Neronis

453 2474 635 2544 (meat,
667 2488 722 2531 et
756 2484 870 2533 haec
904 2499 1079 2533 rursus
1110 2478 1307 2535 Neroi'ii
1327 2487 1509 2537 eadem

454 2559 569 2623 ipsa
602 2560 928 2610 abblanditur
958 2561 1111 2624 infra,
1142 2570 1200 2613 ut
1232 2565 1510 2628 descripsit

453 2635 634 2686 -Tacd,
646 2649 771 2685 xm.
784 2638 962 2701 etipse
974 2638 1121 2687 Suet.
1142 2641 1352 2689 Nerone
1366 2655 1412 2689 c.
1428 2645 1509 2691 34.

456 2711 472 2738 ‘
495 2712 660 2763 Quam
680 2726 794 2761 cum
817 2727 882 2761 ex
904 2713 1095 2762 duritia
1115 2714 1213 2764 alvi
1235 2715 1511 2766 cubantem

457 2785 711 2849 visitaret,
733 2794 785 2835 et
822 2788 913 2836 iila
949 2794 1181 2839 tractans
1217 2790 1512 2854 lanuginem

459 2862 590 2926 ejus,
628 2870 689 2912 ut
728 2863 934 2924 assolet,
969 2863 1079 2926 jam
1119 2864 1329 2928 grandis
1368 2874 1512 2928 natu,

458 2951 556 3001 per
596 2937 873 2988 blanditias
911 2938 1048 2989 forte
1088 2940 1318 3004 dixisset,
1355 2942 1514 2991 Simul

453 3012 585 3062 hanc
607 3026 881 3077 excepero,
899 3015 1030 3063 mori
1051 3013 1203 3077 volo,'
1224 3019 1322 3066 διο.
1388 3017 1515 3082 Ipsa

461 3085 642 3138 eadem
680 3090 839 3139 amita
875 3098 956 3140 est
995 3091 1373 3157 NeroniS‚quae
1414 3093 1515 3157 ipsi

456 3176 595 3214 nunc
630 3164 961 3215 abblanditur
993 3165 1177 3229 adhuc,
1206 3167 1318 3229 jam
1350 3168 1511 3231 impe-

459 3240 611 3303 ranti,
633 3256 783 3306 quam
822 3257 955 3305 puer
989 3243 1079 3291 ille
1116 3244 1409 3294 testimonio
1437 3243 1514 3293 af-

458 3313 669 3368 flixerat
689 3317 985 3382 gratificans
1007 3318 1178 3368 matri.

526 3393 635 3443 Dio
658 3395 804 3444 nnius
827 3394 995 3444 amitae
1021 3395 1244 3444 Neronis
1265 3393 1513 3445 Domitiae

461 3469 709 3532 meminit,
730 3475 786 3518 et
806 3470 964 3519 semel
979 3476 1200 3531 tantum,
1221 3483 1405 3534 nempe
1423 3470 1513 3519 lib.

464 3555 581 3592 ιιι.
615 3558 731 3593 cum
765 3551 886 3608 post
904 3543 1247 3609 Agrippinam
1284 3546 1397 3608 ipsa
1429 3560 1515 3595 oc·

462 3618 571 3667 cisa
590 3626 689 3668 est.
711 3616 736 3648 “
752 3619 955 3682 Porro,’
982 3621 1165 3684 inquit,
1198 3626 1213 3649 ‘
1231 3621 1516 3670 Domitiam

461 3692 668 3746 amitam
691 3711 835 3747 suam
858 3711 1057 3746 veneno
1080 3697 1323 3761 sustulit,’
1344 3703 1444 3748 oze.

527 3770 677 3823 Unde
713 3773 954 3836 colligere
990 3774 1130 3835 licet,
1169 3788 1270 3822 non
1295 3769 1519 3825 occisam

463 3861 576 3898 esse
610 3848 822 3897 amitam
858 3849 1078 3898 Neronis
1115 3849 1181 3898 ab
1215 3848 1522 3915 Agrippina,

464 3935 527 3971 eo
550 3929 787 3986 tempore
810 3929 867 3972 et
898 3924 1013 3972 loco
1048 3924 1295 3989 historiae,
1317 3926 1381 3973 de
1418 3941 1520 3989 quo

463 3998 551 4049 hic
575 4010 680 4049 ιιι.
700 4003 810 4061 64.;
848 4001 1078 4063 quamvis
1101 4001 1151 4050 ei
1172 4016 1307 4050 mors
1326 4001 1525 4051 indicta

466 4074 554 4134 s'it,
591 4081 652 4123 ut
682 4074 841 4123 habet
874 4076 1117 4137 Tacitus;
1154 4082 1211 4125 et
1248 4074 1323 4125 sic
1360 4081 1526 4140 patet,

465 4162 619 4200 unam
638 4150 800 4201 fuisse
823 4152 1107 4201 Domitiam
1145 4167 1237 4202 seu
1255 4153 1522 4217 Lepidam,

469 4222 585 4292 qnae
605 4222 691 4278 bic
711 4224 955 4293 affligitur
972 4227 1267 4295 testimonio
1283 4228 1523 4292 Neronis,

1577 683 1646 717 ex
1666 668 1933 731 Suetonio,
1956 683 2073 718 cum
2099 683 2164 719 ea
2185 684 2297 736 qugae
2320 669 2459 722 infra
2478 686 2632 723 neca·

1577 751 1665 794 tnr
1689 745 1825 808 apud
1844 745 1988 794 Suet.
2010 746 2140 795 Ner.
2165 750 2247 796 34.

1640 822 1849 870 Tacitus
1872 822 2079 870 amitam
2104 836 2217 871 eam
2239 824 2462 873 Neronis
2484 832 2638 877 vocat

1578 902 1799 960 utroque
1823 897 2044 958 nomine,
2078 897 2365 949 Domitiam
2400 907 2455 949 et
2484 902 2637 964 Lepi-

1580 972 1717 1033 dam,
1758 972 1987 1035 Lepidam
2030 978 2077 1022 et
2121 974 2413 1033 Domitiam;
2455 976 2639 1028 Sueto-

1578 1048 1693 1096 nius
1714 1047 1943 1110 Lepidam
1958 1049 2258 1111 appellavit,
2275 1050 2371 1100 hoc
2392 1052 2637 1115 temporis

1582 1128 1638 1171 et
1671 1122 1902 1171 historiae
1935 1123 2083 1183 loco;
2118 1131 2174 1173 et
2210 1139 2322 1174 eam
2360 1126 2466 1175 Dio
2502 1126 2640 1178 infra

1583 1198 1814 1261 appellat
1836 1198 2121 1258 Domitiam,
2159 1214 2259 1263 quo
2293 1201 2409 1250 loco
2433 1207 2489 1250 et
2511 1209 2640 1252 tem·

1581 1287 1707 1335 pore
1738 1274 2013 1336 pharmaco
2049 1274 2252 1324 sublata
2283 1282 2380 1325 est.
2448 1277 2639 1342 Itaque

1581 1348 1763 1397 eadem
1789 1349 2009 1398 Domitia
2031 1357 2112 1399 est
2133 1356 2186 1399 et
2204 1366 2308 1400 una
2331 1353 2490 1402 amita
2509 1353 2642 1418 haec,

1583 1437 1699 1485 quae
1722 1424 1887 1486 primo
1910 1422 2176 1489 affligitur,
2207 1426 2323 1475 dein
2346 1429 2498 1491 plane
2521 1429 2638 1479 sub·

1581 1498 1820 1547 vertitur.

1649 1573 1803 1622 Clare
1826 1580 1974 1638 patet
1990 1590 2056 1625 ex
2072 1576 2281 1641 Tacito,
2299 1578 2342 1628 si
2366 1592 2397 1627 e
2417 1578 2641 1642 vestigio

1583 1649 1814 1711 sequaris
1848 1650 2063 1713 hujusce
2095 1650 2320 1701 foeminae
2357 1654 2645 1719 historiam,

1580 1736 1734 1771 unam
1757 1725 2081 1788 eandemque
2104 1741 2217 1775 esse
2238 1729 2541 1793 Domitiam,
2557 1730 2643 1780 cui

1582 1793 1724 1847 mors'
1741 1800 1839 1849 hoc
1877 1801 1991 1850 loco
2028 1802 2226 1866 indicta,
2265 1811 2320 1853 et
2358 1820 2492 1869 eam,
2525 1821 2641 1871 quae

1583 1874 1711 1924 vivit
1733 1873 1901 1923 adhuc
1939 1877 1974 1925 l.
1999 1889 2129 1927 1111.
2154 1882 2233 1928 19.
2257 1884 2339 1929 20.
2361 1884 2474 1930 21.:
2509 1888 2566 1930 et
2597 1882 2643 1930 si

1585 1949 1659 1998 sic
1682 1963 1949 2014 compares
1980 1952 2110 2003 Tac.
2145 1969 2263 2004 cum
2292 1956 2493 2021 Tacito,
2513 1956 2643 2006 nihil

1586 2026 1787 2078 clarius.

1651 2103 1735 2152 Sic
1757 2110 1930 2154 autem
1944 2094 2111 2156 ‘habet
2131 2108 2253 2158 Tac.
2271 2081 2368 2158 lioc
2387 2109 2422 2158 l.
2437 2122 2541 2159 xu.
2561 2112 2644 2160 64.

1550 2226 1559 2231 .
1588 2177 1604 2205 ‘
1621 2178 1853 2242 Utraque
1873 2180 2151 2246 impudica,
2171 2182 2390 2247 infamis,
2404 2184 2648 2249 violenta,

1586 2253 1722 2302 haud
1745 2256 1908 2304 minus
1943 2257 2080 2306 vitiis
2114 2261 2522 2324 aemulabantnr,’
2545 2265 2646 2318 διο,

1588 2330 1604 2357 ‘
1624 2329 1898 2379 Enimvero
1914 2338 2180 2381 certamen
2194 2337 2514 2399 acerrimum,
2528 2337 2649 2387 ami-

1590 2410 1646 2453 ta
1678 2405 1872 2469 potius,
1905 2421 1972 2456 an
2008 2415 2175 2458 mater
2196 2410 2349 2475 ‚apud
2385 2413 2646 2463 Neronem

1590 2481 1929 2543 praevaleret.‘
2007 2484 2144 2534 Nam
2200 2481 2400 2551 Lepida
2451 2488 2650 2537 blandi-

1589 2557 1776 2607 mentis
1792 2564 1846 2608 et
1866 2559 2222 2624 largitionibus
2235 2563 2519 2625 juvenilem
2542 2564 2650 2613 ani·

1591 2647 1727 2682 mum
1770 2634 2137 2685 devinciebat!
2220 2637 2352 2687 Haec
2393 2638 2649 2702 impudica,

1592 2708 1714 2772 qnia
1744 2709 1910 2758 incesti
1942 2725 2023 2759 rea
2036 2726 2056 2767 ‚·
2087 2716 2143 2759 et
2174 2711 2376 2761 violenta
2388 2727 2407 2769 ‚·
2437 2726 2554 2761 nam
2576 2713 2651 2763 in·

1591 2780 1674 2832 fra
1713 2784 1811 2833 hoc
1852 2785 1944 2833 lib.
1966 2799 2082 2848 cap.
2107 2790 2189 2835 65.
2222 2787 2238 2813 ‘
2258 2787 2517 2850 Quodque
2559 2802 2651 2851 paq

1591 2872 1707 2907 rum
1747 2859 1983 2909 coercitis
2017 2875 2112 2923 per
2150 2862 2442 2912 Calabriam
2478 2878 2653 2914 servo·

1592 2948 1705 2984 rum
1740 2935 2041 3000 agminibus,
2060 2950 2241 3000 pacem
2281 2936 2453 2987 Italiae
2478 2937 2651 2988 turba·

1594 3016 1710 3060 ret.'
2314 3030 2317 3033 ·

1648 3086 1845 3137 Eadem
1853 3088 2159 3138 oemahbatur
2168 3088 2536 3153 Agrippinam:
2552 3090 2650 3140 hoc

1594 3164 1629 3212 1.
1654 3175 1789 3213 xxm
1825 3164 1899 3214 sic
1934 3162 1995 3215 'et
2032 3166 2066 3215 l.
2089 3179 2217 3215 xm.
2251 3166 2424 3216 ‘inter
2462 3165 2654 3231 Agrip-

1595 3239 1768 3303 pinam
1787 3245 1845 3288 et
1865 3241 2147 3290 Domitiam
2170 3240 2370 3290 infensa
2392 3236 2653 3293 aemulati'o

1596 3317 1970 3368 exercebatur?
2033 3318 2211 3380 Vides,
2229 3325 2288 3368 ut
2310 3320 2527 3368 eandem
2546 3319 2656 3383 pin-

1597 3394 1674 3457 git
1688 3393 1895 3442 Tacitus
1921 3395 2201 3443 Domitiam
2223 3396 2377 3458 longo
2393 3400 2508 3458 post
2530 3401 2655 3444 tem·

1595 3484 1721 3532 pore
1754 3482 1906 3534 quam
1940 3470 2013 3519 ilii
2055 3471 2248 3520 indicta
2285 3486 2419 3521 mors
2444 3469 2564 3533 fuit,
2598 3475 2658 3520 et

1596 3547 1920 3596 aemulantem
1941 3547 2169 3596 exbibet.

1661 3623 1834 3673 Etiam
1871 3637 1996 3674 xm.
2033 3628 2083 3673 2.
2116 3623 2401 3672 ‘Domitiae
2439 3621 2659 3677 inimici·

1598 3700 1683 3750 tiis
1721 3701 1914 3764 gratias
1955 3714 2181 3764 agerem,
2219 3700 2262 3748 si
2299 3699 2660 3753 benevolentia

1598 3790 1797 3825 mecum
1816 3775 1870 3825 in
1909 3775 2166 3824 Neronem
2201 3790 2369 3824 meum
2393 3774 2663 3827 certaret-¹

1598 3850 1814 3913 Eadem,
1841 3857 1901 3900 ut
1936 3848 2100 3912 vides,
2140 3850 2374 3901 Domitia
2410 3857 2509 3911 est,
2543 3866 2659 3916 qnae

1601 3924 1964 3974 blandimentis
1984 3925 2088 3975 suis
2123 3928 2381 3975 Neronem
2402 3925 2662 3976 devincie-

1602 3999 1694 4050 bat
1727 3999 1885 4049 hocce
1916 4001 1953 4049 l.
1988 4014 2119 4051 xm:
2155 4007 2210 4050 et
2248 4002 2345 4049 boc
2386 4000 2523 4049 idem
2565 4007 2662 4065 est,

1604 4075 1739 4139 quod
1783 4074 1935 4135 infra,
1975 4076 2010 4124 i.
2044 4075 2430 4139 xm.,*refeilit
2471 4075 2660 4138 Agrip·

1602 4150 1744 4214 pina,
1786 4150 1932 4214 quasi
1987 4150 2224 4198 Domitia
2274 4148 2661 4213 blandimentis,

1600 4240 1705 4276 non
1728 4239 1852 4277 vera
1881 4225 2259 4290 benevolentia,
2287 4238 2462 4275 secum
2483 4223 2536 4273 in
2553 4223 2663 4274 Ne·
