3100 4925
450 384 624 475 1236

1173 400 1236 443 C.
1282 395 1647 445 CORNELII
1692 394 1945 443 TAcrrl

2347 399 2438 463 [A.
2456 400 2524 450 U.
2543 403 2655 450 804.

435 542 799 633 'decedere3
829 540 1093 608 barbari
1135 520 1214 605 in'
1246 543 1411 625 juga
1450 541 1790 605 montium.
1882 538 2017 602 Sed
2061 557 2141 602 eo
2182 558 2447 623 quoque
2492 541 2656 605 irru-

453 664 614 728 pere
632 642 1038 707 'ferentarius
1058 651 1084 677 ⁸
1111 643 1464 725 gravisque
1510 642 1743 705 miles:
1787 641 1881 704 illi
1908 640 2075 704 ‘telis
2124 642 2543 718 assmtantes‚
2588 642 2658 706 hi

454 749 762 813 conserto
778 752 808 792 4
831 744 1063 826 ,gradu
1084 741 1129 807 :b
1170 744 1450 807 turbatis
1499 748 1725 827 contra
1760 743 2240 807 ,Britannorum
2288 742 2657 821 ordinibuS,

459 889 594 937 tium.
659 884 756 935 Sed
777 900 830 934 eo
851 885 994 934 etiam
1013 885 1196 934 irruere
1215 884 1331 933 levis
1349 883 1748 948 subsignanusque
1765 885 1928 933 miles.-
1957 884 2032 932 illi
2048 882 2305 932 missilibus
2330 885 2662 947 persultantes,

456 953 508 1000 hi
523 954 663 1001 deriso
684 956 732 999 et
747 965 908 1013 presso
922 952 1077 1012 gradu
1089 966 1109 1009 ,·
1141 955 1307 1013 contra
1340 948 1530 998 turbata
1550 950 1653 1013 acie
1674 949 2039 1014 Britannorum,
2066 950 2193 1012 apud
2211 950 2469 1012 quosnulla
2491 949 2659 1008 lorica·

1380 1075 1555 1096 ”0090
1562 1074 1735 1094 “Ost“

459 1167 491 1211 8
523 1159 697 1210 Idem:
729 1162 1055 1209 secedere.—4
1091 1158 1312 1221 Conferto
1339 1157 1454 1208 libri
1473 1172 1651 1208 omnes
1672 1158 1817 1215 editi.
1838 1159 2023 1211 Mallet
2045 1158 2427 1211 Freinshemius
2436 1164 2656 1211 sonum

457 1227 616 1287 gradu
625 1241 646 1283 ‚·
676 1224 855 1290 sicque
879 1224 1068 1287 legitur
1089 1224 1140 1273 in
1165 1225 1295 1273 Mss.
1323 1223 1469 1272 Harl.
1492 1223 1649 1272 Bodl.
1673 1230 1728 1272 et
1752 1223 1866 1274 JeS.

1448 1327 1670 1379 No‘rAE
1724 1308 1729 1319 ’

466 1426 798 1478 aedificiorum
836 1433 975 1490 sunt,
1012 1427 1321 1477 testudinem
1365 1415 1551 1475 facie·⁴
1600 1404 1794 1506 ditores,
1813 1426 2122 1489 jaculatores,
2143 1406 2410 1491 sagittarii,
2425 1432 2481 1476 et
2503 1425 2556 1476 id
2579 1402 2667 1490 ge·⁸

460 1505 604 1554 bant.
689 1504 826 1552 Hinc
884 1510 1090 1553 centum
1150 1502 1522 1568 quinquaginta
1601 1517 1729 1569 nns3
1765 1508 1820 1553 et
1843 1503 1919 1552 illi
1942 1498 2243 1552 manserunt
2264 1516 2425 1566 usque
2452 1501 2518 1551 ad
2556 1501 2666 1551 bel-

461 1576 624 1628 fermc
668 1578 856 1642 pedum
893 1579 1065 1642 spatio
1106 1577 1376 1639 distantes,
1420 1576 1523 1625 duo
1601 1579 1706 1630 lum
1724 1577 1980 1645 Puniflnm
2002 1578 2305 1642 secuudum,
2319 1592 2421 1642 quo
2439 1576 2666 1628 instituti

465 1655 651 1704 armati
694 1654 1089 1718 procurrebant,
1123 1653 1524 1717 comminatique

461 1730 603 1780 inter
623 1744 679 1778 se
706 1729 771 1779 ab
804 1729 907 1777 ima
937 1729 990 1777 in
1022 1742 1273 1777 summam
1307 1726 1525 1776 testudi-

466 1820 585 1856 nem
618 1819 713 1870 per
746 1805 966 1853 densata·
1001 1810 1150 1853 scuta
1183 1817 1300 1853 cnm
1339 1802 1527 1853 evasis-

467 1888 603 1946 sent,
644 1895 779 1950 nunc
818 1881 962 1929 velut
1001 1884 1388 1943 propugnantes
1432 1893 1529 1942 per

467 1975 585 2009 oras
608 1965 853 2008 extremae
880 1957 1171 2018 testudinis,
1195 1971 1330 2005 nnnc
1353 1956 1406 2002 in
1425 1969 1528 2003 me-

466 2035 555 2083 dia
576 2034 710 2082 inter
736 2046 793 2080 se
815 2037 1197 2091 concurrentes,
1223 2031 1357 2079 hand
1380 2045 1527 2079 secus

469 2124 624 2175 quam
646 2107 816 2157 stabili
839 2105 945 2155 solo
967 2105 1343 2170 persultabant.
1386 2104 1527 2153 Huic

441 2226 446 2231 .
471 2184 720 2235 testudini
742 2181 996 2231 simillima
1017 2187 1167 2245 parte
1191 2180 1322 2229 muri
1354 2180 1550 2229 admo·-

469 2267 545 2323 ta,
581 2274 699 2309 cum
730 2257 916 2307 armati
950 2262 1305 2319 superstantes
1344 2256 1527 2305 subiis-

470 2343 605 2399 sent,
643 2332 1109 2399 propugnatoribus
1146 2331 1277 2380 mnri
1314 2329 1526 2394 fastigio
1564 2360 1569 2366 -

473 2410 760 2462 altitudinis
803 2407 1157 2474 aequabantur,
1195 2406 1527 2471 depulsisque

469 2487 537 2536 iis
554 2488 607 2536 in
624 2486 821 2547 urbem,
834 2485 1047 2532 duorum
1066 2483 1322 2545 signorum
1340 2481 1530 2530 milites

470 2557 936 2611 transcenderunt?

540 2637 694 2686 Foeta
714 2633 972 2696 testudine]
1007 2631 1092 2681 Sic
1118 2633 1254 2696 apud
1274 2633 1405 2682 Caes.
1427 2633 1528 2682 1.v.

473 2714 489 2743 ‘
508 2714 575 2773 Se
596 2712 649 2761 in
665 2714 831 2776 sylvas
853 2709 1180 2772 abdiderunt,
1198 2710 1368 2758 locur'n
1389 2709 1530 2758 nacti

474 2790 685 2854 egregie
709 2795 765 2837 ct
784 2794 967 2836 natura
995 2791 1050 2835 et
1071 2799 1230 2848 opere
1263 2785 1531 2847 munitum,

474 2879 628 2929 quem
669 2861 942 2913 domestici
974 2861 1098 2910 belli
1128 2860 1213 2926 (nt
1234 2860 1531 2923 videbatur)

474 2954 652 2999 causa,
679 2940 789 3003 jam
812 2943 933 2987 ante
964 2943 1403 3001 praeparaverant,
1433 2939 1531 2986 διο.

476 3013 551 3062 At
569 3014 716 3062 miles
740 3011 954 3074 legionis
985 3012 1241 3074 septimae,
1271 3011 1533 3081 testu-dine

475 3086 638 3150 facta,
660 3094 717 3137 et
737 3101 923 3150 aggere
947 3086 1013 3134 ad
1036 3085 1341 3133 munitiones
1362 3085 1533 3147 adjec-

474 3172 553 3226 to,
591 3165 757 3212 locum
782 3165 1053 3225 ceperunt,
1077 3174 1267 3224 eosque
1290 3174 1355 3208 ex
1377 3160 1531 3222 sylvis

478 3241 807 3304 expulerunt,
835 3237 1013 3302 paucis
1037 3233 1330 3285 vulneribus
1352 3250 1532 3299 accep-

476 3314 585 3366 tis!

543 3397 569 3423 ⁸
600 3388 926 3451 Ferenturius]
998 3388 1116 3440 Hoc
1159 3386 1363 3456 nornine
1413 3388 1536 3437 leves

478 3465 731 3530 intellige,
759 3478 850 3513 sen
869 3462 998 3511 levis
1032 3468 1302 3510 armaturae
1324 3462 1534 3524 milites,

441 3551 448 3556 “
476 3540 867 3597 fundibularios,
891 3537 1202 3600 sagittarios,
1222 3551 1371 3586 omne
1391 3538 1534 3587 deni-

479 3630 580 3686 que
603 3630 765 3679 genus
787 3613 1135 3673 militantium,
1166 3627 1196 3660 a
1219 3611 1534 3674 subsignanis

479 3698 536 3741 et
577 3690 870 3753 legionariis
906 3687 1404 3750 contradistinctum,
1447 3689 1535 3751 qui

481 3766 710 3831 graviter
745 3764 952 3825 armati,
988 3777 1085 3811 nec
1124 3762 1340 3825 perinde
1379 3779 1535 3826 expe-

479 3842 613 3903 diti3
644 3855 748 3890 non
770 3841 970 3905 equites
994 3845 1184 3902 tamen,
1217 3841 1306 3903 qui
1339 3846 1395 3890 et
1432 3841 1558 3916 ipsi³

477 3919 747 3984 legionarii
772 3924 939 3968 erant.

545 3994 873 4056 Ferentmius]
882 3995 938 4043 -Ο
945 3998 1240 4057 pponuntur
1243 3993 1538 4054 ferentarius

482 4078 539 4126 et
549 4073 713 4133 gravis
728 4077 1003 4120 armaturae
1017 4071 1164 4119 miles
1182 4088 1195 4119 ε
1218 4071 1539 4136 Fer-eutarius,

481 4161 668 4200 nomen
706 4161 975 4196 commune
1014 4147 1198 4196 levium
1220 4163 1234 4206 3
1274 4148 1414 4197 leves
1452 4165 1538 4197 au-

485 4228 592 4276 tem
615 4220 746 4298 dicti
766 4222 961 4287 rorarii,
996 4229 1052 4274 et
1072 4223 1276 4282 nocetis&
1309 4224 1396 4289 qui
1421 4224 1538 4286 fun-

1611 1656 1802 1718 Velites,
1840 1655 2023 1721 quibus
2056 1663 2230 1705 tamen
2263 1661 2385 1704 ante
2406 1654 2671 1704 Romanos

1605 1731 1686 1780 usi
1708 1731 1846 1780 Galli
1870 1737 1927 1780 et
1947 1731 2216 1781 Germani.
2273 1775 2301 1793 „

1678 1807 1853 1856 Velites
1869 1807 2071 1856 desiere
2096 1812 2213 1870 post
2235 1821 2401 1856 aevum
2419 1804 2667 1867 Caesaris3

1610 1881 1702 1931 sed
1724 1898 1900 1932 eorum
1939 1884 2054 1932 loco
2082 1884 2160 1932 usi
2182 1889 2301 1932 sunt
2321 1880 2666 1950 funditoribus,
2704 1898 2711 1901 ·

1607 1959 1894 2020 sagittariis,
1924 1966 1979 2008 et
2004 1957 2381 2019 jaculatoribus-rs
2397 1971 2523 2019 quos
2545 1952 2666 2018 sup·

1607 2033 1920 2095 peditabant
1965 2034 2233 2095 Baleares,
2272 2034 2568 2094 Cretenses,
2610 2034 2667 2080 et

1610 2107 1870 2159 Numidae.

1671 2182 1937 2248 Erantque
1956 2183 2008 2232 bi
2031 2199 2062 2234 a
2083 2188 2230 2248 tergo
2248 2181 2479 2247 agminis,
2495 2182 2666 2233 donec

1609 2272 1781 2321 pugna
1808 2259 2095 2323 inciperet;
2131 2266 2242 2309 tum
2273 2258 2669 2322 procurrebant,

1606 2334 1752 2383 velut
1794 2349 1879 2384 ros
1925 2340 2046 2385 ante
2089 2334 2305 2384 imbrem
2348 2334 2507 2385 cadit.
2591 2329 2666 2382 Hi

1607 2408 1721 2459 fere
1764 2402 2004 2476 inermes,
2047 2419 2102 2464 et
2127 2426 2245 2463 cum
2282 2413 2458 2477 sagulo
2483 2418 2537 2463 et
2559 2412 2668 2464 cin-

1608 2488 1742 2550 gulis
1765 2503 1921 2552 super
1940 2489 2152 2539 femore.

1671 2561 1695 2595 ¹²
1730 2566 1958 2613 Conserto
1992 2564 2173 2627 gradu]
2221 2565 2395 2628 Vulgo
2432 2566 2640 2627 conserto
2653 2583 2672 2620 .·

1612 2643 1667 2687 at
1705 2638 1915 2702 legerim
1953 2646 2159 2691 conserto
2193 2643 2364 2703 gradu.
2431 2641 2672 2706 Opponit

1612 2715 1751 2763 enim
1795 2716 1912 2764 telis
1956 2732 2072 2781 quae
2124 2718 2319 2766 eminus
2362 2718 2665 2779 jaciuntur:

1612 2790 1744 2854 quod
1783 2790 1909 2839 alibi
1939 2792 2107 2840 collato
2137 2795 2312 2855 marin,
2340 2793 2506 2841 colluto
2534 2795 2673 2857 pede,

1611 2865 1796 2914 collatis
1832 2865 1985 2928 signis
2023 2866 2269 2916 dimicare
2292 2874 2506 2917 secant.
2582 2868 2670 2919 Sic

1610 2953 1847 2988 conserere
1894 2953 2103 3002 pugnum
2155 2940 2278 2989 alibi
2321 2942 2446 2990 Tac.
2502 2942 2668 3003 dixin

1611 3029 1796 3078 nempe
1818 3030 1936 3064 cum
1958 3017 1973 3043 ‘
1998 3021 2106 3064 stat
2138 3015 2274 3079 pede
2312 3030 2422 3079 pes,
2460 3017 2670 3069 densus-

1608 3104 1711 3154 que
1729 3090 1840 3139 viro
1859 3090 1970 3141 vir?
2022 3090 2388 3148 Freinshemius.
2670 3127 2681 3138 .

1679 3168 1881 3228 Cenaeo,
1893 3171 2121 3228 conserto,
2136 3166 2343 3226 conferto
2358 3170 2521 3229 gradu·
2531 3168 2679 3232 idem„

1609 3238 1799 3302 fuerin
1839 3242 1883 3290 si
1923 3249 2095 3290 tamen
2133 3248 2277 3291 recte
2317 3241 2525 3307 dicitnr,
2563 3260 2669 3294 con-

1609 3320 1733 3364 serto
1747 3318 1883 3385 pede,
1904 3316 2096 3366 dicitur
2119 3325 2264 3366 recte
2296 3323 2509 3368 conserta
2538 3320 2637 3369 acie
2648 3335 2672 3380 ,⁰

1614 3390 1706 3438 sed
1726 3383 1957 3453 conferta,
1977 3407 2074 3441 nec
2097 3397 2302 3441 conserto
2318 3396 2454 3455 pede.

1678 3465 1866 3530 Itaque
1899 3475 2106 3517 maneat
2139 3468 2223 3517 hic
2255 3467 2462 3527 conferto
2493 3473 2670 3535 gradu,

1615 3546 1671 3591 et
1700 3542 1839 3591 idem
1872 3550 1969 3607 est,
2003 3558 2064 3594 ac
2096 3545 2261 3592 collato
2291 3548 2466 3606 gradu.
2532 3549 2669 3598 Nam

1614 3619 1761 3667 miles
1796 3619 1884 3683 qui
1916 3619 2115 3670 incedit
2151 3621 2341 3669 multus
2379 3622 2677 3689 densusque

1617 3709 1676 3743 ac
1711 3693 2006 3752 confertim,
2058 3702 2203 3745 recte
2241 3695 2431 3745 dicitur
2462 3698 2671 3757 conserto

1611 3772 1769 3831 gradu
1810 3769 2052 3819 incedere
2097 3777 2153 3820 et
2204 3771 2397 3820 instare
2440 3774 2670 3824 cominus

1614 3846 1768 3895 hosti.

1679 3924 1755 3971 Ut
1784 3923 1884 3972 hoc
1915 3923 2029 3972 loco
2062 3922 2227 3983 gravis
2245 3922 2375 3970 miles
2406 3923 2556 3975 Rom.
2579 3926 2670 3989 qui

1617 3995 1691 4045 sic
1725 3997 2059 4060 distinguitur
2090 4013 2121 4045 a
2140 3996 2423 4057 ferentariis
2451 4001 2671 4064 quiretis

1614 4073 1908 4134 emanantes,
1941 4073 2015 4122 sic
2057 4073 2279 4136 spatium
2318 4083 2373 4125 et
2410 4076 2579 4125 locum
2616 4092 2668 4127 e-

1616 4147 1882 4197 mittendis
1898 4149 2005 4197 telis
2022 4150 2341 4214 quaerebant,
2366 4165 2461 4200 nec
2484 4151 2558 4201 sic
2580 4167 2669 4216 po·

1618 4229 1793 4274 terant
1811 4224 2023 4298 perinde
2040 4225 2275 4298 conferto
2291 4233 2348 4279 et
2363 4227 2522 4279 denso
2534 4227 2670 4294 pede
