3100 4925
504 359 785 423 &GM

1199 354 1363 429 ARN
1368 354 1621 415 Aulum
1665 355 1812 409 [ΑΒ
1857 356 1997 405 x11.

2521 337 2694 430 323*

502 497 733 576 fuisse,
782 498 1053 579 unicum
1095 497 1183 565 ad
1224 498 1394 567 huno
1437 498 1639 567 diem
1644 498 2029 582 exemplum
2074 503 2195 565 est.
2197 504 2224 544 ‘¹
2311 495 2484 565 Inte:
2527 512 2689 585 qum

502 601 887 682 praecipuus
934 607 1385 683 propugnator
1426 599 1597 682 ejus,
1628 592 1963 679 Vitellius,
2008 596 2416 675 validissima
2458 596 2688 679 gratia,

501 702 692 771 aetate
718 707 1012 771 extrema
1059 699 1258 785 (adeo
1310 701 1579 769 incertae
1629 707 1785 775 suut
1833 701 2199 784 potentium
2224 696 2361 780 tes)
2412 696 2687 785 accusa-

498 801 669 864 tione
697 803 1066 885 corripitur,
1118 802 1445 875 deferente
1493 802 1539 869 J
1543 802 1703 868 unio
1748 802 1964 886 Lupo,
2011 801 2361 881 Senator&
2396 872 2401 877 ,
2445 798 2519 863 Is
2559 799 2684 871 cri·

492 949 620 1010 plum
641 954 726 997 est.
798 949 985 999 Interea
1003 954 1206 998 summus
1223 949 1437 1009 defensor
1458 950 1557 1011 ejus
1583 949 1818 1008 Vitellius,
1834 945 2071 1010 gratiae&
2087 949 2369 998 auctovituto
2392 948 2684 1010 praepollens,

493 1017 644 1085 (εἰσῄα
669 1018 837 1075 oxma
877 1015 1025 1077 (odeo
1046 1014 1284 1073 instabilis
1313 1020 1386 1065 est
1406 1015 1610 1074 sonum
1625 1013 2036 1105 praepollentirm)
2067 1019 2309 1065 manatur-
2337 1012 2630 1089 &edatque
2652 1027 2683 1065 a

1487 1129 1698 1178 NOTAE

494 1220 671 1271 Caesar
721 1229 835 1272 era't
872 1223 1228 1285 Germanicus,
1263 1225 1438 1288 sicque
1477 1224 1541 1273 ad

491 1295 862 1360 Imperatorem
908 1299 1120 1362 propius
1168 1299 1407 1349 accessit.
1470 1301 1542 1352 Et

489 1378 632 1429 certe
663 1373 936 1427 Frontinus
960 1388 1075 1422 eum
1100 1374 1431 1436 Imperatorem
1453 1390 1541 1437 ap·

487 1447 667 1509 pellat,
689 1445 826 1497 forte
851 1449 970 1511 quia
1009 1449 1306 1513 eioblatum
1334 1451 1541 1515 imperi-

488 1537 571 1571 um
594 1530 707 1572 est:
734 1524 806 1573 sic
829 1522 1034 1574 Vindex
1056 1525 1091 1576 J
1097 1526 1261 1574 uliano
1280 1524 1542 1589 Imperator

491 1599 797 1662 appellatur.

549 1675 835 1736 Insuper-atone
866 1675 1103 1738 genitum]
1157 1676 1291 1727 otta
1323 1684 1438 1739 erat
1471 1695 1538 1730 ex

485 1746 718 1810 Augusto
764 1766 859 1813 per
913 1758 1132 1801 matrem
1178 1751 1539 1819 Agrippinam,

482 1839 596 1888 quae
619 1825 724 1874 filia
743 1826 777 1876 J
784 1827 898 1885 uliae
923 1826 1160 1890 Augusto
1180 1830 1369 1889 genitae
1392 1847 1406 1891 ;
1424 1832 1535 1893 ipsa

482 1900 637 1949 etiam
660 1903 827 1963 neptis
850 1903 1047 1951 Tiberii
1068 1918 1164 1966 per
1187 1905 1532 1967 adoptionem.

480 1975 612 2027 Haec
647 1975 754 2027 filia
772 1976 1086 2040 Germanici,
1109 1994 1251 2033 soror
1285 1981 1397 2031 Caii
1421 1983 1533 2037 Cae-

478 2051 624 2114 saris,
664 2067 755 2102 seu
798 2053 1080 2117 Caligulas,
1129 2069 1259 2104 uxor
1308 2056 1531 2187 Claudii,

476 2133 643 2179 mater
666 2129 907 2181 Neronis.

541 2203 694 2254 Quod
737 2206 923 2253 unicum
954 2208 1015 2255 ad
1045 2207 1166 2257 hunc
1207 2208 1331 2261 diem
1373 2225 1527 2261 exem-

468 2279 617 2341 plum,
650 2279 752 2328 dici
776 2281 914 2343 apud
939 2283 1195 2346 Romanos
1216 2284 1402 2350 potuit,
1423 2299 1526 2333 ιιοιι

472 2360 647 2403 autem
666 2355 806 2416 apud
825 2370 975 2419 reges
997 2364 1257 2419 externos,
1276 2358 1455 2423 quibus
1474 2359 1527 2411 id

467 2444 574 2491 non
596 2431 869 2483 insolitum.
903 2432 1064 2498 Apud
1086 2433 1526 2502 Lacedaemonios,

470 2507 607 2570 apud
651 2508 859 2573 Persas,
895 2516 951 2559 et
983 2510 1108 2568 alios
1127 2525 1272 2576 reges
1295 2510 1350 2559 id
1373 2512 1526 2561 usita-

470 2589 597 2644 tum,
617 2592 672 2634 et
691 2584 949 2650 frequens.
1011 2605 1020 2612 ³

532 2658 850 2723 Agrippinam
877 2662 1155 2724 imperatore
1183 2662 1420 2728 genitam]
1470 2663 1525 2713 Si

466 2733 821 2798 Imperatorem,
861 2738 1036 2801 quales
1060 2744 1209 2788 erant
1232 2745 1351 2788 aute
1373 2752 1525 2790 occu·

464 2816 637 2875 patam
691 2826 853 2874 remp.
918 2812 1251 2875 accipiamus,
1300 2829 1400 2863 non
1451 2815 1526 2863 ita

464 2899 702 2949 magnum
724 2887 821 2936 erit
844 2889 1134 2951 exemplum
1156 2906 1167 2938 ι
1214 2890 1257 2946 si
1283 2905 1376 2953 pro
1388 2892 1522 2952 prin-

461 2960 563 3026 cipe
585 2960 803 3014 falsum:
854 2963 1268 3027 quandoquidem
1309 2966 1522 3015 Germa-

463 3036 626 3100 nicus,
660 3038 970 3103 Agrippinae
1003 3048 1173 3107 pater,
1221 3042 1523 3104 dominatio,-

462 3126 581 3168 uem
603 3130 865 3180 uunquam
887 3117 1197 3168 assumserit.

526 3190 696 3254 Igitur
727 3191 1009 3255 sciendum,
1044 3192 1180 3244 inter
1218 3192 1429 3242 Caesares
1464 3199 1522 3242 et

459 3264 771 3329 Impetatores
813 3275 869 3317 et
906 3269 1149 3329 Augustos
1190 3270 1406 3320 multum
1445 3269 1519 3317 in-

460 3340 720 3391 terfuisse.
792 3346 1004 3396 Coesares
1025 3344 1174 3404 dicti,
1207 3345 1293 3408 qui
1312 3344 1517 3414 Augus-

460 3423 529 3467 tae
563 3418 849 3481 majestatis
878 3420 1109 3472 haeredes
1146 3421 1401 3486 designati
1440 3438 1515 3471 es·

458 3500 592 3554 sent,
628 3495 1073 3560 administratione
1109 3497 1453 3554 reruQillis‘
1441 3512 1513 3545 ιιι-

457 3568 698 3631 terdicta,
737 3570 834 3620 nisi
875 3571 1096 3636 aliquam
1132 3570 1355 3621 fortasse
1400 3587 1513 3636 pro-

401 3640 405 3646 '
451 3641 670 3698 vinciam
708 3644 929 3711 Augusti
959 3647 1111 3709 jussu
1154 3647 1513 3698 administran-

456 3718 575 3774 dam
593 3721 859 3780 baberent.
926 3724 1068 3774 Hinc
1099 3725 1241 3772 nulla
1262 3724 1334 3772 eis
1357 3723 1512 3776 dona·

455 3794 552 3843 tivi
572 3796 817 3848 militibus
855 3798 1013 3847 dandi
1033 3796 1252 3848 facultas
1272 3806 1420 3850 erat·
1455 3800 1508 3854 in

453 3872 706 3924 comitatu
738 3887 828 3922 eos
866 3875 1031 3922 solum
1067 3873 1346 3938 habebant,
1378 3890 1507 3939 quos

453 3945 1010 4033 Princepsffribuisset.

447 4073 450 4076 ,
516 4021 680 4071 Paulo
722 4023 889 4086 major
929 4023 1233 4087 Imperatoris
1267 4023 1508 4090 dignitas,

451 4095 541 4160 qui
560 4096 684 4147 licet
714 4097 851 4148 iufra
884 4097 1105 4166 Augusti
1134 4099 1396 4164 fastigium
1420 4115 1509 4164 po-

446 4173 595 4240 situs,
632 4175 844 4242 ejusque
867 4175 1082 4230 arbitrio
1124 4175 1261 4246 bella
1284 4183 1508 4242 gereret,

1623 1238 1866 1275 summam
1903 1228 2071 1274 tumen
2110 1227 2422 1287 potestatem
2471 1221 2523 1271 in
2578 1234 2684 1273 mae

1622 1299 1868 1365 gista-atus
1905 1301 2060 1365 inque
2085 1300 2275 1348 milites
2310 1297 2549 1359 habebat,
2564 1298 2677 1360 jus·

1621 1391 1721 1440 que
1743 1377 1818 1425 illi
1841 1375 2099 1426 indicendi
2125 1375 2246 1424 belli
2278 1380 2406 1422 erat.
2440 1373 2558 1422 Solo
2581 1372 2683 1423 ita·.

1621 1467 1723 1517 que
1742 1501 1747 1505 ,
1767 1452 2103 1515 Imperatoris
2156 1449 2359 1499 nomine
2400 1445 2676 1497 decoratus

1619 1526 1718 1576 fuit
1739 1529 2095 1587 Germanicus,
2134 1526 2268 1574 sicut
2305 1538 2334 1572 a
2359 1522 2531 1571 Galba
2550 1518 2676 1571 Piso

1625 1605 1785 1651 Coesur
1801 1604 1962 1651 solum
1985 1605 2310 1661 nuncupatus
2332 1604 2431 1646 est.

1684 1680 1914 1730 Caesares
1958 1678 2411 1741 Imperatoresque
2460 1673 2674 1723 creandi

1618 1762 1851 1819 potestas
1895 1754 2142 1804 militibus
2178 1764 2456 1813 concessa3
2493 1757 2548 1798 at
2567 1751 2672 1813 pri-

1616 1846 1753 1879 mum
1774 1831 2109 1879 Maximinum
2144 1825 2440 1890 posthabita
2463 1831 2670 1873 senatus

1613 1905 1924 1953 auctoritate
1947 1903 2135 1950 milites
2160 1901 2444 1962 Augustum
2480 1897 2681 1948 fecere„
2706 1904 2707 1907 ’

1614 1983 1746 2032 Haec
1790 1997 1856 2030 ex
1894 1980 2183 2041 Ammiano,
2237 1978 2559 2042 Lampridio,
2610 1982 2671 2029 et

1611 2057 2079 2107 constitutionibus.
2112 2055 2343 2105 Alciatus.
2393 2053 2564 2101 Multa
2582 2051 2666 2101 hic

1612 2132 1782 2195 affert,
1828 2148 1943 2198 quae
1972 2148 2071 2182 non
2098 2132 2360 2196 pertinent
2382 2129 2448 2177 ad
2471 2124 2665 2181 moreni

1609 2209 1835 2273 priorum
1873 2210 2154 2270 Caesarum,
2177 2223 2277 2272 quo
2313 2206 2439 2255 nulli
2468 2206 2667 2267 impera·

1604 2288 1742 2348 tores,
1760 2284 1858 2333 nisi
1879 2299 2020 2333 more
2047 2284 2229 2344 veteri,
2251 2281 2501 2346 appellati
2525 2287 2665 2341 sunt,

1605 2367 1694 2409 aut
1719 2362 1886 2424 potius
1930 2360 2055 2408 nulli
2087 2358 2250 2407 fuere.
2317 2357 2423 2405 Sub
2454 2356 2663 2406 Tiberio

1606 2442 1921 2500 postremum
1945 2436 2019 2485 sic
2043 2435 2335 2502 appellatus
2368 2432 2566 2491 Blaesus
2595 2446 2663 2481 ex

1605 2513 1776 2576 prisco
1794 2528 1953 2563 more.

1670 2588 1977 2654 Imperatoris
2010 2587 2213 2637 nomine
2262 2583 2408 2636 initio
2458 2583 2662 2632 demon-

1605 2664 1884 2724 strabatur,
1902 2664 1988 2734 qui
2022 2679 2138 2712 cum
2167 2662 2386 2724 imperio
2409 2665 2661 2723 praeesset

1604 2739 1873 2801 exencitui,
1909 2739 2113 2787 nomine
2136 2738 2227 2786 tali
2250 2744 2417 2800 parto,
2450 2750 2659 2791 assensu

1604 2815 1830 2877 militari,
1863 2822 1917 2864 et
1949 2813 2251 2864 confirmato
2275 2812 2574 2874 api-incipe,
2589 2810 2658 2861 ob

1604 2905 1685 2939 res
1709 2891 1914 2958 egregie
1934 2887 2125 2953 gestas.
2193 2887 2296 2936 Hic
2312 2893 2482 2935 autem
2500 2885 2656 2949 signi·

1600 2963 1788 3015 fleatur
1826 2965 2163 3016 Germanicus
2204 2963 2268 3012 de
2312 2977 2413 3026 quo
2445 2961 2656 3011 Tacitus

1601 3042 1811 3105 supral.
1842 3056 1880 3091 1.
1932 3040 2274 3090 ‘Exercitum
2316 3038 2524 3087 reduxit
2568 3052 2654 3087 ιιο-

1599 3132 1818 3181 menque
1856 3117 2193 3181 Imperatoris
2218 3120 2430 3164 auctore
2450 3091 2657 3163 Tiberio

1601 3194 1843 3257 accepit!

1663 3277 1687 3310 ‘1
1727 3269 1928 3317 Unicum
1967 3270 2028 3317 ud
2068 3268 2188 3316 hunc
2228 3265 2352 3314 diem
2394 3264 2653 3327 exemplum

1594 3344 1688 3407 est]
1726 3344 1873 3392 Inter
1916 3345 2171 3394 Romanos
2211 3340 2481 3399 duntaxat,
2530 3339 2655 3387 alias

1594 3435 1773 3483 parum
1818 3427 1972 3468 cauta
2002 3417 2305 3468 affirmatio:
2331 3417 2464 3465 sicut
2486 3422 2541 3463 et
2563 3415 2655 3463 illa

1594 3495 1852 3557 Pliniana,
1885 3496 1918 3544 l.
1962 3509 2059 3543 vu.
2114 3494 2213 3541 nisi
2263 3485 2538 3553 restringas
2585 3483 2651 3538 ad

1596 3573 1841 3623 Graecos,
1829 3588 1841 3599 ·
1871 3574 1886 3599 ‘
1912 3573 2042 3622 Una
2061 3568 2382 3618 foeminarum
2417 3566 2471 3613 in
2510 3565 2649 3616 omni

1594 3662 1706 3697 aevo
1746 3645 1997 3709 Lampido
2033 3643 2421 3694 Lacedaemonia
2454 3639 2649 3704 reperi·

1591 3728 1693 3785 tur,
1727 3738 1843 3787 quae
1876 3722 2012 3788 regis
2033 3719 2158 3781 filia,
2181 3719 2314 3781 regis
2336 3734 2485 3778 uxor,
2509 3718 2645 3782 regis

1589 3803 1755 3845 mater
1798 3794 1929 3845 fuit?
1995 3796 2129 3845 Nam
2182 3787 2321 3858 apu'd
2374 3790 2649 3857 AEgyptios

1590 3874 1820 3938 aliosque
1888 3870 2149 3922 Barbaros
2220 3878 2339 3919 sunt
2388 3864 2645 3936 exempla.

1587 3953 1796 4017 Lipsius.

1656 4035 1675 4060 ¹
1692 4029 1843 4091 Lupo,
1862 4024 2111 4091 Senator-c}
2130 4024 2219 4078 Sic
2233 4043 2320 4078 eos
2333 4034 2540 4092 patrum
2557 4021 2643 4080 vo-

1578 4109 1697 4170 cat,
1720 4104 1808 4169 qui
1829 4105 2020 4168 nullam
2041 4104 2206 4160 adhuc
2227 4104 2532 4174 dignitatem
2556 4108 2644 4174 ob-

1588 4178 1866 4265 tinuerang.
1930 4181 2003 4246 Et
2038 4186 2182 4241 certe
2205 4181 2394 4244 iniibus
2429 4187 2646 4256 ‹le‘latjq-
2694 4232 2711 4240 -
