3100 4925
437 315 626 405 ‘1356

1129 351 1211 405 ὀ.
1231 339 1239 348 “
1257 354 1615 403 cosman
1661 353 1913 402 'morri

2342 357 2436 422 [A.
2451 356 2520 409 U.
2537 341 2653 408 sos.

1449 548 1662 599 NOTAE

457 647 668 695 alteram
705 644 951 708 Lepidam,
970 645 1069 694 nisi
1106 660 1173 695 ex
1208 645 1402 707 Dione,
1420 646 1518 697 Ta-

458 719 583 783 cito,
617 730 709 769 aut
731 736 796 769 ex
823 722 1070 770 Suetonio
1095 722 1375 785 praecipue.
1442 717 1518 768 At

457 801 601 845 certe
624 796 794 857 potins
826 797 1140 846 eontrarium
1174 797 1431 845 evincitur
1453 812 1518 845 ex

456 871 572 933 ipso
611 871 855 920 Suetonio
896 879 1119 935 quatuor
1152 871 1298 934 locis,
1335 870 1517 934 quibus

458 946 670 1008 Lepida
696 947 863 995 annitae.
890 947 1112 995 Neronis
1136 947 1386 996 meminit.
1417 961 1422 968 ’

523 1026 571 1071 l.
604 1022 733 1071 Ner.
775 1028 825 1071 5.
871 1022 945 1072 sic
983 1022 1173 1071 habet:
1221 1025 1237 1050 ‘
1261 1022 1519 1071 Domitius

460 1094 746 1159 majestatis
792 1112 995 1160 quoque
1049 1104 1102 1146 et
1152 1097 1520 1147 adulteriorum

461 1171 744 1235 incestique
785 1187 901 1221 cum
944 1188 1118 1222 sorore
1161 1173 1382 1236 Lepida,
1427 1173 1520 1222 sub

463 1259 677 1295 excessu
697 1246 910 1311 Tiberii,
928 1263 1064 1311 reus,
1086 1249 1372 1299 mutatione
1394 1255 1522 1299 tem·

462 1335 643 1385 porum
665 1322 867 1372 evasit!

528 1401 579 1446 2.
613 1398 856 1446 Meminit
895 1399 1103 1448 Sueton.
1145 1400 1275 1450 Ner.
1315 1414 1432 1462 cap.
1470 1405 1520 1448 6.

463 1473 676 1522 ‘Matre
716 1474 870 1522 etiam
910 1475 1163 1538 relegata,
1186 1490 1335 1539 paene
1377 1477 1523 1539 inops

460 1554 620 1612 atque
655 1563 832 1611 egens,
853 1550 993 1612 apud
1030 1552 1238 1601 amitam
1272 1552 1526 1616 Lepidam

464 1621 692 1673 nutritus
714 1623 830 1673 est.’

530 1703 580 1750 3.
612 1701 931 1750 Mentionem
968 1702 1099 1752 facit
1135 1703 1368 1767 Lepidae,
1391 1703 1520 1753 Ner.

467 1789 515 1826 c.
537 1779 588 1826 7.
618 1776 633 1804 ‘
651 1775 882 1826 Amitam
919 1779 1077 1827 etiam
1101 1780 1346 1842 Lepidam
1383 1795 1523 1829 ream

465 1850 762 1902 testimonio
785 1869 958 1903 coram
980 1854 1200 1918 afflixit,’
1222 1871 1334 1919 sup.
1369 1858 1521 1907 Nero.-

467 1927 588 1976 dein
609 1942 720 1991 cap.
756 1933 836 1979 34.
875 1931 957 1979 sic‘
981 1932 1168 1980 habet:
1203 1932 1525 1996 ‘Junxitque

466 2003 748 2064 parricidio
772 2006 951 2066 matris
975 2006 1147 2054 amitae
1172 2005 1387 2055 necem.’
1419 2007 1528 2056 No-

467 2086 541 2142 ta,
561 2094 675 2127 eam
700 2095 903 2142 semper
926 2082 1155 2144 appellat
1175 2083 1437 2144 Lepidam5
1474 2090 1529 2131 et

466 2156 665 2204 amitam
703 2156 1008 2218 simpliciter
1044 2158 1142 2207 hoc
1176 2158 1356 2207 ultimo
1394 2158 1528 2221 loeo,

468 2230 608 2280 unde
631 2232 889 2295 colligitur
903 2232 1189 2296 evidenter,
1202 2232 1360 2283 fuisse
1375 2249 1528 2284 unam

470 2308 789 2374 eandemque
811 2310 1021 2360 amitam
1045 2311 1302 2360 Neronis:
1337 2311 1530 2375 alioqui

471 2382 654 2433 debuit
675 2384 759 2433 bic
783 2385 1100 2471 distinguere
1122 2385 1412 2434 SuetoniuS.

538 2458 675 2508 Nam
714 2474 781 2508 ex
822 2462 1173 2524 suppositione
1215 2461 1397 2524 Lipsii,
1439 2462 1534 2510 Le-

472 2533 597 2599 pida
649 2535 942 2584 testimonio
989 2536 1100 2599 jam
1166 2543 1286 2585 ante
1341 2534 1534 2587 afflicta.

472 2617 617 2672 erat3
649 2611 827 2675 sicque
864 2611 1046 2661 debuit
1083 2612 1165 2661 hic
1197 2610 1531 2677 distinguere,
1571 2619 1576 2625 “

473 2694 594 2737 utra
616 2688 777 2737 amita
797 2688 882 2736 hic
909 2687 1186 2750 parricidio
1208 2688 1430 2737 Neronis
1448 2703 1533 2738 ne-

472 2769 592 2812 cata
615 2764 700 2812 sit.
768 2764 839 2812 Et
859 2771 984 2814 nota
1006 2764 1202 2828 sedulo,
1233 2764 1531 2814 Suetonium

473 2838 759 2902 scripsisse,
782 2841 1030 2904 Lepidam
1067 2837 1230 2889 fuisse
1267 2839 1534 2889 testimonio

471 2915 712 2978 afflictam,
733 2916 962 2979 nihilque
1001 2916 1139 2965 ultra
1177 2916 1397 2975 addere;
1430 2929 1533 2964 non

475 2990 613 3038 enim
633 2989 763 3039 dicit
784 2989 943 3039 fuisse
965 2989 1318 3040 interfectam.

515 3064 610 3111 ·Et
631 3069 775 3112 certe
797 3063 933 3113 forte
958 3072 1064 3114 tum
1087 3078 1177 3112 rea
1199 3071 1314 3114 erat
1335 3065 1535 3130 Lepida

475 3138 661 3187 incesti
699 3153 813 3188 cum
846 3137 1006 3189 fratre
1044 3143 1354 3204 perpetrati,
1396 3142 1534 3206 quod

472 3228 578 3262 non
612 3214 905 3277 probatum,
927 3217 1024 3266 nisi
1045 3217 1343 3268 testimonio
1366 3219 1531 3269 Nero·

473 3289 551 3337 nis
576 3289 726 3352 pueri
749 3289 936 3353 adhuc,
972 3298 1027 3341 et
1063 3292 1115 3342 id
1151 3293 1306 3343 matri
1344 3295 1536 3357 gratifi-

475 3365 672 3416 cantis:
723 3369 862 3430 quod
902 3369 1113 3428 crimen,
1153 3369 1361 3420 favente
1401 3372 1536 3421 Nar-

475 3442 629 3507 cisso,
649 3442 800 3492 facile
823 3445 1050 3494 evanuit.

540 3519 686 3569 Nota
729 3520 886 3569 etiam
926 3520 1152 3585 L'epidam
1195 3524 1327 3573 hane
1363 3526 1536 3574 vocari

474 3592 758 3657 impudicam
780 3612 811 3645 a
832 3597 1052 3658 Tacito;
1087 3598 1223 3661 quod
1256 3599 1537 3665 respondet

476 3667 555 3716 his
597 3668 831 3718 Suetonii
875 3671 1080 3720 verbis:
1133 3673 1538 3724 ‘adulteriorum

476 3743 769 3807 incestique
804 3760 920 3795 cnm
953 3761 1125 3797 sorore
1162 3750 1400 3813 Lepida,’
1436 3754 1536 3800 «stc.

476 3833 594 3882 quoe
615 3819 799 3882 Lepida
839 3836 941 3870 una
979 3822 1262 3886 eademque
1301 3830 1382 3873 est
1420 3839 1537 3874 cum

477 3893 727 3953 Domitia,
778 3895 913 3959 qnod
956 3896 1293 3946 clarissimum
1347 3905 1429 3949 est
1471 3915 1538 3950 ex

476 3969 658 4018 Tacito
697 3970 813 4019 hic:
860 3970 876 3997 ‘
895 3971 1137 4021 celerare
1175 3975 1377 4038 statuit,
1422 3991 1537 4040 per-

480 4043 593 4094 dita
628 4044 769 4108 prius
798 4046 1031 4095 Domitia
1050 4048 1251 4098 levibns
1273 4056 1330 4099 et
1365 4046 1542 4102 mulie-

478 4119 656 4171 bribus
699 4120 892 4171 causisz
935 4121 1057 4186 quia
1098 4122 1303 4189 Lepida
1343 4127 1541 4178 minore

481 4194 710 4247 Antonia
729 4196 938 4262 genita,’
958 4200 1059 4249 διο.

1660 642 1893 693 Adverte
1915 644 2074 695 etiam
2096 644 2274 694 sedulo
2309 645 2508 694 siluisse
2530 644 2661 695 Dio·

1596 734 1712 768 nem
1736 733 1799 769 eo
1820 721 1936 770 loco
1961 728 2016 769 et
2039 727 2271 784 tempore
2293 719 2539 785 historiae,
2556 735 2661 785 quo

1595 794 1777 857 Lepida
1795 797 2092 845 testimonio
2107 796 2330 845 Neronis
2343 793 2537 845 afflicta
2550 802 2629 845 est
2640 809 2659 844 ³:

1598 871 1719 934 quia
1739 871 1876 920 baud
1915 871 2069 921 dubie
2107 879 2216 920 tum
2255 878 2457 920 tantum
2493 865 2667 921 exter.

1599 946 1700 994 rita
1719 953 1799 995 est
1823 945 1888 995 ab
1908 946 2218 1010 Agrippina,
2237 961 2339 996 non
2364 962 2485 996 vero
2506 947 2666 996 inter-

1598 1017 1739 1068 fecta
1761 1022 1856 1070 snb
1878 1021 2114 1070 Claudio.

1665 1095 1833 1146 Quam
1869 1096 2066 1146 caedem
2107 1098 2243 1146 baud
2282 1098 2438 1150 dubie
2476 1111 2667 1147 memo·

1602 1178 1765 1219 rasset
1811 1171 1898 1220 ille
1945 1177 2129 1221 auctor
2177 1172 2246 1221 ob
2299 1172 2665 1222 claritudinem

1601 1244 1842 1309 foeminae,
1871 1253 1930 1296 nt
1958 1262 2073 1310 quae
2099 1248 2485 1311 propinquitate
2508 1247 2669 1296 domi-

1602 1329 1783 1371 nantes
1815 1323 2160 1386 contingeret.
2226 1324 2378 1371 Unde
2411 1324 2669 1372 evincitur

1605 1410 1707 1445 non
1737 1411 1849 1446 esse
1888 1403 1997 1447 tum
2036 1399 2362 1448 interemtam
2399 1398 2668 1462 Lepidam,

1606 1472 1696 1520 sed
1718 1479 1920 1522 tantum
1941 1473 2078 1523 forte
2096 1474 2333 1524 exulasse
2358 1475 2422 1523 ad
2446 1481 2671 1540 tempus,

1605 1553 1999 1613 revocatamque
2032 1550 2098 1599 ab
2136 1551 2248 1614 ipso
2271 1550 2482 1599 Nerone
2504 1550 2668 1615 impe-

1604 1631 1771 1674 rante.

1670 1698 1735 1748 In
1753 1714 1981 1750 errorem
2001 1701 2204 1752 induxit
2223 1703 2454 1765 Lipsium
2477 1700 2671 1765 duplex

1605 1777 1750 1826 locus
1770 1779 2030 1828 Suetonii:
2070 1780 2205 1828 alter
2239 1795 2340 1843 quo
2372 1779 2669 1829 testimonio

1609 1854 1836 1904 Neronis
1861 1852 2103 1905 afflictam
2139 1855 2254 1905 esse
2292 1855 2544 1918 Lepidam
2566 1861 2672 1905 tra·

1610 1928 1706 1990 dit,
1739 1929 1871 1978 alter
1891 1945 1995 1994 quo
2024 1932 2217 1979 amitam
2248 1930 2440 1993 largius
2464 1930 2671 1993 purgari

1598 2001 1758 2065 jubet
1779 2003 1915 2052 idem
1932 2005 2099 2065 Nero;
2124 2005 2297 2068 sicque
2322 2020 2434 2054 eam
2457 2019 2671 2054 necasse

1609 2091 1808 2126 veneno
1831 2079 2152 2128 existimatus
2186 2088 2286 2143 est,
2318 2086 2376 2129 ut
2414 2085 2470 2129 et
2505 2079 2674 2130 tradit

1609 2151 1843 2202 disertim
1866 2154 1972 2203 Dio
1993 2171 2007 2215 ;
2048 2161 2104 2204 et
2127 2156 2242 2204 exin
2267 2154 2527 2205 inferebat
2549 2156 2674 2219 Lip-

1608 2227 1711 2275 sius
1733 2226 1894 2289 fuisse
1918 2228 2176 2292 duplicem
2198 2231 2430 2293 amitam,
2442 2230 2673 2293 Lepidam

1610 2317 1814 2368 nempe,
1854 2320 1969 2369 quae
2013 2307 2310 2356 testimonio
2351 2305 2543 2356 afflicta
2577 2312 2676 2371 est,

1601 2380 1755 2443 juxta
1794 2382 2117 2447 Suetonium,
2151 2390 2208 2433 et
2239 2384 2476 2445 alteram,
2503 2384 2675 2434 Domi-

1610 2457 1728 2506 tiam
1761 2473 1967 2522 nempe,
1990 2474 2106 2524 quae
2128 2475 2251 2510 mox
2274 2459 2550 2524 occiditur,
2572 2459 2679 2509 lar-

1612 2535 1726 2596 gius
1748 2543 1987 2598 purgata.
2650 2599 2656 2607 η

1675 2612 1779 2661 Sed
1803 2621 1948 2661 certe
1980 2612 2162 2675 Lepida
2197 2612 2310 2663 haec
2350 2618 2407 2663 et
2443 2613 2679 2679 Domitia,

1612 2702 1715 2736 una
1746 2686 2027 2753 eademque
2059 2703 2281 2750 persona
2316 2695 2414 2751 est,
2436 2692 2500 2737 'ut
2537 2690 2675 2738 clare

1612 2769 1763 2826 patet
1784 2776 1850 2811 ex
1865 2762 1994 2813 Tac.
2019 2764 2116 2813 hoc
2137 2764 2284 2814 loco:
2322 2765 2395 2812 nil
2417 2765 2610 2814 certius
2635 2760 2680 2813 si

1613 2837 1848 2887 conferre
1873 2839 1998 2887 velis
2012 2839 2245 2889 Tacitum
2263 2854 2380 2889 cum
2396 2839 2661 2889 Suetonio.

1675 2917 1798 2963 Tac.
1821 2914 1905 2964 hic
1938 2916 2012 2965 sic
2044 2915 2231 2965 habet:
2266 2915 2500 2979 ‘Lepida
2534 2916 2682 2964 blan·

1616 2990 1857 3040 diruentis
1901 2998 1955 3040 et
1999 2990 2357 3055 largitionibus
2390 2991 2680 3054 juvenilem

1614 3067 1836 3115 animum
1875 3066 2128 3132 (Neronis
2169 3064 2380 3129 nempe)
2419 3065 2680 3116 devincie-

1614 3140 1739 3192 bat!
1803 3143 1874 3190 Et
1908 3141 2120 3190 Sueton.
2155 3141 2284 3190 Ner.
2326 3153 2520 3190 xxxiv.
2555 3140 2680 3190 ami·

1616 3224 1724 3267 tam
1755 3217 1771 3245 ‘
1789 3233 1904 3267 cum
1928 3233 1995 3266 ex
2028 3217 2223 3266 duritia
2257 3210 2680 3266 alvi'cubantem

1616 3293 1872 3356 visitaret,
1893 3300 1950 3343 et
1987 3293 2080 3342 illa
2116 3299 2351 3342 tractans
2385 3287 2682 3356 lanuginem

1616 3369 1750 3434 ejus,
1789 3377 1847 3419 ut
1890 3369 2102 3431 assolet,
2132 3369 2243 3432 jam
2289 3368 2499 3432 grandis
2537 3372 2681 3431 natu,

1618 3458 1713 3506 per
1753 3444 2032 3494 blanditias
2072 3442 2211 3493 forte
2250 3444 2485 3507 dixisset,
2519 3443 2683 3492 Simul

1616 3520 1748 3569 hanc
1771 3534 2048 3584 excepero,
2075 3521 2205 3569 mori
2228 3518 2376 3583 volo,’
2397 3522 2498 3569 διο.
2520 3519 2682 3583 igitur

1619 3610 1720 3644 una
1741 3596 1922 3646 eadem
1960 3595 2075 3659 ipsa
2095 3603 2178 3645 est
2198 3597 2373 3659 amita,
2403 3609 2521 3659 quae
2544 3586 2685 3644 utross

1619 3672 1776 3737 bique
1800 3672 2000 3722 Neroni
2022 3672 2368 3721 abblan‘ditur.

1683 3747 1872 3811 Itaque
1896 3746 2077 3797 confer
2100 3749 2291 3811 passim
2309 3745 2541 3798 Tacitum
2565 3761 2683 3797 cnm

1618 3823 1883 3889 Suetonio,
1905 3831 1962 3874 et
1981 3826 2217 3874 Tacitum
2253 3840 2369 3875 cum
2391 3826 2598 3887 Tacito,
2620 3839 2683 3875 ac

1618 3899 1921 3949 Suetonium
1943 3916 2060 3950 cum
2087 3901 2335 3951 Suetonio
2365 3901 2513 3965 ipso;
2547 3902 2687 3951 clare

1619 3976 1904 4039 perspicies
1927 3992 2080 4026 unam
2102 3975 2262 4026 fuisse
2284 3977 2492 4026 amitam
2515 3977 2686 4026 Nero·

1619 4051 1721 4115 nis,
1742 4066 1931 4116 nempe
1953 4053 2204 4117 Lepidam
2237 4052 2538 4114 Domitiam,
2566 4067 2682 4116 quae

1620 4142 1724 4176 una
1759 4128 1858 4179 hoc
1882 4128 2080 4194 duplici
2114 4127 2364 4180 vocabulo
2400 4128 2686 4193 appellare-

1622 4210 1725 4255 tur.
