3100 4925
495 429 668 495 1460

1183 445 1270 490 0..
1293 440 1658 492 CORNELII
1705 433 1987 488 TAcl'rl'

2379 442 2482 507 [A.
2504 444 2570 493 U.
2591 445 2704 493 809.

495 588 769 675 proviso
796 582 960 652 antei
983 556 1247 649 funebri
1292 587 1575 668 paratu,¹
1606 581 1722 664 qui
1754 538 2086 646 modicusJ
2114 578 2261 645 fuit.
2351 578 2438 644 In
2465 599 2705 665 campo

498 697 718 755 tamen
769 687 1045 754 Martis²
1094 681 1426 769 sepultusk
1477 689 1606 762 est,
1657 683 1827 747 adeo
1881 681 2166 747 turbidis
2219 680 2590 760 imbribuS,¹
2631 689 2708 746 ut

502 872 718 937 quim-iun
737 872 993 934 alopas-atu,
1013 866 1095 934 qui
1115 866 1270 918 tenuis
1278 865 1402 927 ficit.
1465 863 1697 916 Attamen
1717 864 1770 913 in
1791 878 1952 930 campo
1976 864 2163 915 Mar-tio
2182 865 2398 915 conditus
2417 869 2507 928 est,
2534 862 2711 929 pluviis

1423 1010 1480 1029 00
1486 1008 1781 1028 “OOOONOO

563 1120 588 1163 l
623 1113 710 1162 Sie
742 1113 846 1161 Ms.
868 1112 1009 1162 Flor.
1029 1110 1193 1161 editio
1224 1111 1487 1175 princeps,
1528 1110 1760 1160 Piehena
1796 1114 1853 1159 et
1892 1109 2224 1161 recentiores.
2291 1108 2357 1157 Iu
2391 1108 2521 1157 Mss.
2556 1063 2704 1156 liat-l.

502 1177 657 1227 Bodl.
677 1176 788 1228 Jes.
811 1183 869 1226 et
890 1176 1226 1237 Puteolanus,

1264 1179 1614 1239 apparata—2
1646 1174 1732 1223 Sic
1769 1174 1895 1222 Mss.
1920 1175 2060 1224 Flor.
2083 1174 2237 1222 Harl.
2261 1173 2372 1225 Jes.
2396 1171 2630 1222 Piehena
2649 1174 2706 1219 et

505 1240 845 1308 recentiores.
912 1240 978 1289 In
999 1241 1104 1290 Ms.
1127 1240 1277 1312 Bodl,
1299 1247 1354 1289 et
1375 1237 1690 1289 editionibus
1709 1238 1991 1302 veteribus,
2022 1237 2226 1288 Martio.

1512 1380 1732 1432 NOTAE

502 1489 569 1539 do
588 1502 714 1538 vera
734 1503 849 1552 quae
870 1487 1047 1539 Graeei
1071 1486 1421 1548 tradiderunt,
1452 1484 1568 1535 Bri-

502 1565 699 1616 tannici
730 1579 917 1628 eorpus
953 1577 1116 1627 gypso
1149 1564 1312 1612 multo
1347 1560 1567 1611 oblitum

504 1656 535 1690 a
557 1641 768 1690 Nerone
790 1639 964 1702 fuisse,
984 1653 1049 1688 ne
1070 1637 1204 1688 livor
1231 1641 1513 1701 appareret
1534 1649 1564 1685 e

501 1731 728 1767 veneno:
763 1713 856 1765 sed
878 1715 1105 1780 pluviam
1123 1720 1353 1765 coortam
1374 1713 1566 1762 eluisse

504 1807 743 1858 gypsum,
774 1791 896 1840 dum
928 1790 1150 1840 cadaver
1178 1804 1275 1853 per
1295 1788 1465 1838 forum
1490 1787 1567 1837 ef-

502 1867 705 1928 fertur3
740 1866 1067 1933 omniumque
1080 1866 1241 1917 oculis
1260 1866 1427 1916 scelus
1450 1863 1569 1915 snb·

501 1946 717 2009 jecisse.
907 1933 914 1940 ‘

572 2022 628 2070 H
632 2035 707 2069 aee
731 2021 980 2082 Zonaras,
1011 2018 1123 2068 haee
1146 2018 1269 2067 Dio.
1290 2017 1451 2079 Scite,
1472 2017 1565 2066 sed

503 2110 688 2159 parum
712 2109 861 2145 vere:
903 2101 963 2144 ut
996 2094 1171 2144 Taciti
1211 2094 1417 2158 quidem
1450 2108 1567 2144 nar·

504 2171 641 2220 ratio
672 2176 772 2220 est.
837 2171 977 2222 Nam
1011 2169 1123 2219 hoee
1157 2169 1329 2218 omnia
1359 2169 1568 2233 operire

503 2260 608 2297 nox
632 2246 821 2311 potuit.
874 2245 1089 2309 Lipsius.

570 2324 644 2373 Et
674 2322 822 2373 miles
845 2317 1107 2371 assidebat
1128 2321 1301 2383 busto,
1334 2320 1423 2384 qui
1458 2321 1568 2384 ple-

503 2398 625 2449 bem
653 2403 878 2448 arceret.
944 2397 1061 2447 Ne‘e
1094 2397 1345 2447 nudatum
1378 2411 1568 2459 corpus

504 2475 560 2525 in
583 2473 716 2536 foro,
734 2474 825 2523 sed
849 2488 967 2523 eum
980 2473 1213 2522 vestibus
1237 2473 1361 2537 ipsis
1387 2473 1570 2537 quibus

483 2600 486 2603 Α
505 2550 805 2600 obvolutum
825 2548 880 2597 in
897 2549 1014 2596 aula
1026 2547 1219 2610 fuerat,
1238 2548 1347 2610 igni
1363 2547 1569 2612 subjec-

507 2632 618 2674 tum
642 2630 740 2675 est.
806 2623 1017 2685 Reputa
1039 2623 1226 2683 animo,
1248 2637 1400 2685 quam
1435 2622 1568 2673 acri-

506 2706 591 2750 ter
612 2699 884 2749 invehatur
901 2696 1141 2746 Tiberius
1161 2696 1215 2744 in
1239 2710 1347 2758 eoS,
1363 2696 1453 2760 qui
1475 2710 1567 2744 nu-

506 2775 762 2825 daverant
797 2785 984 2836 corpus
1023 2770 1320 2822 Germanici
1358 2771 1411 2821 in
1451 2770 1566 2821 foro

508 2849 854 2911 Antiocheno,
877 2863 1052 2912 supra.
1503 2869 1508 2873 ·

576 2928 691 2975 Nox
712 2926 896 2988 eadem]
950 2926 1014 2975 Id
1054 2929 1153 2987 est,
1189 2923 1372 2974 eadem
1412 2912 1584 2974 noete'

506 3006 723 3051 necatus
745 2999 1092 3062 Britannicus,
1116 2998 1497 3062 crematusque,
1513 3005 1571 3049 et

509 3075 707 3137 Campo
735 3072 930 3122 Martio
965 3073 1225 3134 conditus,
1259 3087 1350 3122 seu
1387 3073 1439 3121 in
1465 3072 1571 3122 Au-

508 3151 648 3214 gusti
670 3149 992 3197 Mausoleum
1013 3148 1205 3199 illatus.
1272 3149 1354 3198 Sic
1374 3156 1432 3200 et
1449 3165 1572 3200 mox

429 3223 438 3228 ”
505 3224 805 3288 Agrippina
858 3229 1026 3274 mater
1084 3225 1309 3275 Neronis
1364 3228 1402 3276 l.
1445 3239 1569 3277 xw.

506 3301 522 3328 ‘
545 3301 789 3350 Cremata
808 3306 891 3350 est
912 3308 1069 3352 nocte
1102 3301 1283 3352 eadem
1319 3304 1572 3354 convivali

503 3379 665 3437 lecto,
683 3382 738 3426 et
761 3377 994 3441 exequiis
1016 3377 1238 3428 vilibus?

572 3453 587 3486 ¹
618 3455 813 3504 Proviso
835 3453 967 3516 ante]
1003 3454 1381 3516 Praeparabant
1420 3456 1572 3505 simul

509 3537 567 3581 et
589 3544 844 3581 venenum
882 3535 937 3578 et
979 3528 1153 3579 funus.
1219 3531 1379 3581 Forte
1420 3546 1571 3596 rogus

507 3607 919 3669 intrapalatium
941 3605 1108 3668 ipsum
1132 3610 1360 3655 structus
1383 3613 1482 3658 est.

567 3680 585 3722 ³
616 3681 714 3736 Qui
734 3680 962 3742 modicia]
998 3680 1157 3744 Cujus
1179 3682 1435 3733 rationem
1456 3683 1570 3746 ipse

509 3754 686 3805 reddit
706 3754 989 3818 infra‚qnia
1011 3755 1287 3804 immatura
1307 3763 1362 3806 et
1386 3758 1572 3807 acerba

509 3831 696 3880 funera
724 3829 1159 3880 subtrahebantur
1180 3832 1340 3881 oeulis
1362 3834 1570 3898 civium,

509 3919 677 3968 neque
719 3904 1016 3953 laudatione
1036 3903 1243 3955 funebri
1272 3914 1364 3956 aut
1387 3923 1571 3972 magno

497 3974 762 4045 “apparatu
796 3979 935 4028 cives
957 3980 1328 4032 detinebantur
1346 3999 1407 4033 eo
1428 4000 1568 4036 casu.

574 4057 711 4106 Haec
734 4056 864 4104 ratio
885 4056 937 4104 in
951 4058 1133 4120 vulgus
1150 4059 1317 4122 jacta,
1340 4062 1430 4111 sed
1450 4077 1572 4112 vera

507 4145 668 4181 eausa
687 4129 805 4194 fuit,
840 4136 901 4179 ut
928 4132 1102 4181 statim
1128 4135 1271 4184 Nero
1302 4136 1571 4188 subtrahe-

510 4212 595 4256 ret
615 4206 780 4256 oculis
805 4208 986 4270 populi
1010 4209 1159 4262 Rom.
1176 4226 1380 4279 eausam
1399 4215 1572 4264 luctus

510 4289 568 4334 et
586 4283 871 4348 moestitiae3
905 4289 962 4339 et
980 4300 1045 4337 ne
1066 4284 1261 4341 indicia
1277 4290 1464 4342 veneni
1484 4305 1574 4356 ap-

1646 1490 1909 1549 parerent,
1943 1484 2065 1535 dum
2100 1498 2288 1549 corpus
2326 1482 2496 1547 palam
2516 1494 2707 1535 crema·

1647 1567 1822 1622 retur;
1857 1567 1913 1612 et
1935 1576 2001 1610 ne
2023 1575 2213 1626 pompa
2233 1561 2322 1609 ills
2344 1572 2576 1609 rumores
2603 1572 2708 1608 ser-

1645 1651 1927 1702 monesque
1949 1637 2090 1701 vulgi
2113 1637 2272 1700 magis
2292 1635 2558 1686 incitaret.

1709 1713 1734 1747 Β
1767 1715 1829 1764 In
1854 1717 2032 1778 Campo
2067 1719 2225 1784 tamen
2263 1713 2447 1762 Martis
2481 1710 2710 1778 sepulta]

1645 1791 1768 1841 Non
1789 1796 1966 1840 tamen
1998 1790 2071 1840 ibi
2093 1790 2422 1839 combustus:
2459 1788 2551 1838 sed
2589 1788 2711 1838 reli·

1645 1867 1778 1932 quiae
1802 1866 1910 1930 ejus
1941 1867 1997 1915 in
2029 1880 2158 1915 urna
2193 1866 2373 1927 illatae,
2411 1859 2471 1913 ut
2506 1864 2710 1929 opinor,

1644 1949 1977 1993 monumento
1999 1941 2241 2006 Augusti.
2307 1941 2513 2004 Lipsius.

1713 2020 1890 2082 Campo
1909 2024 2068 2068 tamen
2084 2016 2289 2079 Martis]
2323 2018 2547 2081 Campus
2568 2015 2711 2066 Mar·

1647 2096 1715 2145 tis
1735 2096 1932 2157 duplex
1953 2093 2076 2156 fuit,
2110 2107 2239 2142 unns
2263 2094 2369 2142 late
2393 2097 2608 2154 sumtus,
2630 2093 2711 2141 in-

1649 2178 1734 2221 ter
1766 2170 1998 2221 Tiberim
2035 2168 2263 2232 fluvium,
2302 2168 2614 2232 Capitolium
2655 2174 2711 2218 et

1648 2246 1967 2299 Quirinalem
1999 2251 2219 2309 montes,
2254 2245 2541 2308 collemque
2577 2243 2712 2293 Hor·

1645 2323 1900 2383 tulorum3
1970 2322 2144 2387 sicque
2211 2320 2427 2371 tenebat
2488 2320 2709 2383 majores

1648 2406 1823 2465 partes
1855 2401 2106 2464 Septimae
2147 2405 2204 2448 et
2239 2399 2405 2448 Nonae
2444 2398 2710 2462 regionum

1650 2478 1826 2527 Romae
1852 2478 2075 2541 antiquae
2099 2477 2166 2527 ad
2183 2476 2506 2526 occidentem
2526 2480 2583 2523 et
2598 2487 2713 2538 sep·

1649 2552 1984 2601 tentrionem.
2206 2603 2211 2608 ,

1712 2627 1886 2676 Hodie
1922 2642 2041 2690 pars
2079 2633 2161 2677 est
2198 2640 2386 2690 magna
2415 2626 2579 2693 Romoe
2613 2638 2711 2674 mo·

1645 2704 1808 2751 demoe
1840 2702 1905 2751 ad
1945 2702 2269 2752 occidentem
2308 2706 2364 2751 et
2403 2700 2711 2765 septentrio·

1646 2792 1784 2841 nem,
1829 2784 1885 2828 et
1927 2778 2066 2828 inter
2116 2784 2319 2827 montes
2367 2775 2721 2839 Campidoglio,

1648 2854 1818 2903 Monte
1856 2855 2067 2919 Cavallo,
2104 2859 2152 2904 et
2177 2854 2364 2917 Piucio,
2398 2851 2710 2918 fluviumque

1657 2924 1843 2981 Tenere.

1714 3005 1871 3056 Alter
1892 3021 2017 3057 vero
2053 3009 2260 3070 Campus
2282 3006 2478 3068 Martis,
2511 3006 2579 3054 de
2608 3019 2710 3069 quo

1650 3081 1735 3131 hic
1779 3083 1924 3146 loqui
1963 3080 2171 3131 videtur
2205 3082 2433 3144 Tacitus,
2479 3080 2578 3130 fuit
2622 3079 2714 3129 ali·

1652 3158 1859 3222 quando
1903 3164 2054 3207 extra
2092 3158 2282 3207 moenia
2325 3158 2486 3218 urbis,
2532 3163 2714 3220 postea

1650 3246 1776 3281 vero
1811 3232 1978 3281 Nonae
2017 3233 2256 3296 regionis,
2291 3231 2345 3281 in
2382 3239 2534 3295 parte
2575 3230 2712 3281 occi·

1651 3308 1851 3357 dentali
1886 3308 2023 3357 urbis
2053 3310 2252 3357 Romae.
2319 3307 2496 3356 Hodie
2534 3312 2710 3371 partes

1649 3384 1915 3446 regionum
1943 3385 2118 3447 Campo
2152 3385 2339 3446 Marzo,
2379 3382 2501 3433 Sunt
2536 3384 2714 3439 Eusto-

1649 3459 1773 3520 chio,
1796 3458 1969 3520 Ponte,
2006 3464 2061 3506 et
2083 3457 2293 3506 Parione
2325 3457 2380 3506 in
2403 3457 2574 3506 Roma
2606 3470 2713 3505 mo-

1650 3532 1813 3582 derna
1833 3548 2006 3581 versus
2043 3534 2267 3582 medium
2292 3540 2347 3582 et
2368 3532 2712 3584 occidentem.

1649 3609 1773 3659 Fuit
1831 3624 2034 3675 quoque
2094 3612 2298 3674 Campus
2356 3612 2536 3675 Minor,
2588 3624 2710 3675 pars

1651 3683 1834 3748 Campi
1868 3686 2053 3734 Martii
2089 3688 2300 3749 proprie
2338 3688 2490 3750 dieti,
2525 3688 2590 3737 ad
2626 3702 2714 3738 oc·

1650 3761 1912 3811 cidentem
1935 3768 1993 3811 et
2014 3762 2080 3810 ad
2101 3763 2326 3814 Tiberim
2352 3762 2579 3812 fluvium.
2650 3798 2661 3815 .

1719 3836 1894 3885 Hodie
1915 3851 2036 3900 pars
2061 3838 2277 3902 regionis
2305 3838 2455 3887 Ponte
2478 3839 2544 3887 ad
2565 3837 2713 3887 fluvi-

1651 3925 1738 3959 um
1766 3911 1952 3974 Tevere‚
1972 3918 2031 3962 et
2048 3927 2210 3976 prope
2233 3920 2442 3975 pontem
2465 3913 2590 3962 Sunt
2608 3914 2714 3963 An-

1647 3989 1772 4048 gelo.
1837 3989 1918 4039 Ex
1942 3989 2107 4037 Roma
2130 3989 2290 4054 antiq.
2334 3988 2554 4038 Nar-dini
2582 3990 2714 4040 l.vt.

1651 4078 1696 4113 e.
1738 4069 1788 4112 6.
1828 4066 1928 4111 διο.
1970 4069 2026 4113 et
2066 4064 2235 4128 planis
2274 4079 2364 4114 seu
2404 4054 2713 4129 imaginibus

1651 4139 1832 4188 Romae
1854 4138 2130 4204 modernae,
2149 4155 2180 4188 a
2203 4140 2459 4204 Gregorio
2482 4139 2548 4188 de
2570 4140 2713 4190 Romi

1649 4215 1930 4280 etJoanne
1953 4215 2118 4267 Falda
2139 4216 2314 4283 editis,
2335 4220 2435 4268 διο.
2474 4218 2712 4279 ⁴Tillemo·

1646 4305 1773 4341 κιαι.
2700 4304 2705 4311 ’
