3100 4925
1231 400 1305 451 ⁹0.
1351 396 1717 447 connitur
1759 394 2015 446 *taem

2403 397 2726 470 [Aen-‘soa
2766 385 2767 388 ‘

1519 589 1734 672 Nonis

521 757 637 807 cho.
682 757 753 806 Et
775 754 916 820 apud
937 751 1183 818 Dionem,
1202 751 1469 804 Tiridates
1491 751 1588 802 sub

525 833 761 894 Nerone,
811 832 988 895 jussus
1052 830 1318 880 acinacem
1376 839 1589 892 ponere,

522 909 538 936 ‘
552 897 680 958 ¹eum
705 904 874 957 clavis'
890 920 1003 957 cnm
1026 905 1213 969 vagina
1234 899 1436 954 affixit?

590 982 822 1035 Lictores
844 982 1165 1044 magistratui
1197 980 1469 1044 praeibant,
1486 978 1584 1027 sin-

518 1059 623 1120 gali
653 1058 709 1107 iu
744 1057 932 1106 lineam
996 1057 1083 1107 Sic
1120 1063 1291 1106 autem
1327 1056 1586 1105 incessere

527 1132 593 1181 ad
627 1133 878 1195 majorem
902 1146 1160 1194 pompam,
1191 1127 1352 1197 utque
1382 1131 1586 1193 longius

524 1208 733 1258 turbam
750 1208 1117 1257 submoverent
1134 1227 1148 1269 ;
1180 1208 1333 1257 etiam
1353 1208 1474 1270 qnia
1487 1207 1585 1256 vici

525 1283 683 1335 Urbis
704 1285 825 1334 olim
849 1277 1051 1347 angusti
1070 1290 1124 1332 et
1143 1297 1375 1332 enormes
1400 1299 1414 1341 ;
1448 1288 1504 1331 et
1527 1288 1588 1332 ut

527 1361 603 1410 sic
624 1360 789 1425 magis
811 1360 896 1409 ille
918 1360 1189 1409 comitatus
1228 1373 1320 1408 sen
1343 1351 1587 1408 'incessus

523 1436 803 1485 consularis
889 1429 1296 1499 distingueretur
1360 1435 1424 1484 ab
1483 1435 1587 1484 alio

523 1511 735 1562 consule
775 1516 831 1561 et
870 1509 1117 1559 comitatu
1158 1511 1373 1560 aliorum
1407 1524 1588 1574 proce·

525 1602 660 1650 rum,
711 1586 798 1652 qui
858 1585 1122 1636 confertus
1178 1585 1472 1645 incedebat,
1533 1590 1589 1633 et

526 1662 708 1726 quibus
752 1662 901 1711 multi
937 1667 1058 1711 ante
1119 1662 1418 1712 ambulones
1453 1675 1588 1723 prae-

523 1737 689 1800 inre,
711 1752 813 1787 non
833 1738 886 1786 in
906 1737 1111 1799 lineam,
1129 1752 1226 1787 nec
1248 1751 1312 1786 eo
1331 1736 1535 1785 ordine.

593 1813 680 1862 Sic
706 1811 905 1877 capies,
928 1813 1039 1876 quis
1054 1814 1259 1875 primus,
1290 1812 1404 1876 quis
1426 1811 1591 1874 proxi-

526 1901 629 1938 mus
659 1887 817 1937 lictor
848 1886 1039 1937 fucrit:
1084 1887 1266 1950 primas
1299 1888 1343 1936 is
1364 1885 1479 1947 fuit,
1501 1887 1588 1950 qui

528 1962 780 2025 anteibat,
823 1970 878 2013 et
923 1962 1071 2027 qnasi
1115 1962 1340 2012 ducebat
1386 1976 1588 2024 agmen.

529 2038 806 2100 Proximus,
822 2038 909 2101 qni
932 2037 1226 2100 claudebat,
1247 2044 1303 2086 et
1323 2037 1586 2101 proximus

528 2119 642 2163 erat
657 2113 979 2180 magistratui
997 2112 1276 2177 incedenti.

592 2191 746 2239 Unde
769 2189 1010 2239 Valerius
1029 2190 1171 2238 Max.
1193 2189 1282 2239 lib.
1308 2204 1346 2239 1.
1395 2192 1411 2218 ‘
1438 2190 1590 2239 Max-

515 2266 631 2315 ·ima
670 2266 938 2328 diligentia
974 2267 1196 2329 majores
1225 2267 1359 2315 hunc
1396 2281 1590 2316 morem

529 2344 957 2407 retinuerunt,we
977 2344 1090 2405 quis
1104 2358 1158 2392 se
1179 2345 1314 2393 inter
1332 2339 1592 2394 consulem

517 2418 587 2471 ‘e‘t
604 2421 893 2485 proximum
912 2420 1169 2481 lictorem,
1190 2420 1419 2486 quamvis
1435 2420 1592 2472 officii

529 2510 686 2545 causa
708 2511 807 2545 una
846 2494 1264 2560 progrederetur,
1295 2497 1593 2561 interpone-

533 2572 653 2622 ret!

547 2650 550 2653 ‘
596 2647 793 2697 Primus
836 2648 992 2696 lictor
1035 2646 1266 2708 arcebat,
1327 2647 1592 2697 submove-

524 2720 725 2787 'batque
749 2721 971 2783 turbam,
992 2723 1115 2787 quia
1146 2723 1340 2785 primns
1363 2723 1595 2772 incurre-

525 2796 638 2848 bat.
702 2798 979 2860 Proximus,
999 2812 1090 2847 seu
1109 2812 1333 2861 summas,
1352 2798 1596 2848 mandata

527 2873 830 2938 'accipiebat
852 2888 883 2922 a
905 2874 1229 2939 magistratu,
1262 2888 1377 2938 quae
1402 2881 1457 2922 et
1480 2875 1594 2925 aliis

534 2949 890 2999 denuntiabat.
1533 2994 1537 2998 .

599 3021 836 3072 fictores
875 3022 1149 3085 gestabant
1175 3023 1353 3084 fasces.
1427 3025 1596 3074 Fasces

535 3102 711 3147 autem
735 3102 885 3145 erant
906 3087 1069 3146 bacilli
1091 3103 1286 3149 teretes
1317 3100 1428 3149 loro
1451 3100 1594 3150 colli-

535 3171 643 3234 gati
681 3170 735 3218 in
776 3171 980 3219 modum
1017 3170 1195 3236 fascis,
1218 3189 1285 3223 ex
1307 3177 1465 3238 ulmo,
1502 3181 1595 3225 aut

536 3244 677 3296 forte
695 3245 930 3307 betulla3
964 3247 1188 3308 Gallice,
1210 3250 1423 3300 boulena.

602 3320 744 3369 Plin.
767 3320 858 3371 lib.
897 3335 1016 3372 xvr.
1048 3327 1128 3372 18.
1174 3326 1190 3352 ‘
1217 3325 1430 3374 Gaudet
1451 3324 1595 3387 frigi-

533 3394 616 3445 ·dis
636 3394 799 3462 (locis)
835 3394 1034 3459 sorbus,
1065 3404 1119 3447 et
1142 3400 1302 3463 magis
1333 3402 1486 3449 etiam
1507 3401 1596 3449 be·

529 3473 684 3521 talla.
739 3470 971 3539 ‚Gallica
1012 3472 1125 3522 haec
1172 3473 1328 3523 arbor
1371 3474 1598 3524 mirabili

536 3547 778 3610 candore,
823 3553 982 3611 atque
1024 3548 1300 3611 tenuitate,
1355 3540 1599 3599 terribilis

534 3623 925 3683 magistratuum
952 3623 1147 3685 virgis!
1212 3622 1425 3673 Frustra
1448 3625 1503 3673 id
1525 3627 1600 3674 in·

531 3697 730 3760 telligit
772 3698 974 3760 Lipsius
1016 3697 1081 3745 de
1124 3700 1234 3746 sola
1272 3698 1480 3749 Gallia:
1533 3715 1602 3748 an

533 3772 867 3834 magistratus
900 3773 1047 3821 Rom.
1068 3772 1221 3820 aliter
1242 3773 1295 3820 in
1318 3774 1492 3823 Gallia
1511 3776 1601 3824 ali-

535 3844 624 3896 ter
643 3847 695 3894 in
717 3847 872 3896 ltalia
892 3850 909 3895 ?
944 3857 997 3896 et
1007 3846 1169 3907 fasces
1182 3849 1431 3913 incogniti
1455 3855 1597 3914 pror-

537 3934 623 3971 }us
644 3924 1023 3986 magistratibus
1047 3913 1285 3974 Gallicis.

603 3995 863 4047 Auctores
887 3999 1063 4047 Graeci
1097 4000 1373 4064 Latinique
1389 3998 1600 4050 confun-

539 4072 665 4123 dere
714 4074 955 4122 videntur
995 4075 1162 4138 virgas
1201 4076 1440 4125 lictorum
1483 4093 1599 4126 cnm

536 4147 789 4211 fascibus,
812 4157 903 4199 aut
936 4151 1050 4200 vice
1081 4166 1253 4202 versa.
1322 4154 1425 4203 Sed
1450 4152 1600 4217 puto,

537 4224 615 4276 sie
649 4218 1089 4291 distinguendum,
1119 4232 1181 4276 ut
1210 4227 1364 4292 νίν-ξω
1397 4227 1453 4278 ἰιι
1485 4229 1601 4293 plu-

1667 751 1785 815 rali,
1808 750 1912 801 sint
1933 750 2238 817 quandoque
2273 749 2411 800 idem
2434 766 2552 802 cum
2573 747 2733 803 fasci·

1663 828 1780 890 bns,
1802 834 1862 878 ut
1882 829 1976 878 boc
1997 830 2114 886 loco
2149 825 2326 877 Plinii.
2392 829 2530 900 Nam
2560 827 2728 898 fasces

1595 956 1602 964 ,
1664 919 1803 954 verae
1837 903 1997 969 virgae
2032 906 2082 954 in
2117 920 2193 969 re,
2227 911 2282 954 et
2318 904 2372 953 in
2415 903 2466 953 id
2504 903 2734 968 primum

1666 979 1842 1040 factm,
1887 980 2267 1045 destinataeque
2311 979 2374 1029 ad
2419 980 2728 1044 plectendos

1665 1049 1807 1106 cives
1826 1055 2057 1106 turbidos
2073 1069 2306 1126 reosque.
2372 1054 2445 1106 At
2465 1056 2611 1119 virga
2633 1054 2733 1105 sin·

1663 1130 1913 1195 gulariter
1949 1138 2136 1193 sumta,
2170 1131 2506 1195 distinguitur
2526 1147 2557 1184 a
2579 1131 2732 1182 fasci-

1663 1207 1780 1269 bus,
1802 1212 1857 1256 et
1877 1206 2013 1255 idem
2047 1212 2129 1255 est
2150 1221 2267 1256 cum
2286 1206 2490 1256 bacillo.
2542 1208 2728 1257 Cicero

1663 1281 1821 1331 hasce
1842 1282 2006 1343 virgas
2018 1281 2230 1332 bacillos
2253 1273 2423 1344 vocat,
2444 1280 2562 1346 quia
2583 1284 2728 1333 leves

1659 1356 1739 1405 'illi
1763 1362 1817 1406 et
1837 1356 2046 1418 modici,
2067 1362 2122 1405 et
2144 1362 2344 1405 tantum
2377 1355 2624 1406 destinati
2659 1357 2725 1407 ad

1662 1436 1835 1483 lenem
1894 1434 2268 1485 submotionem
2311 1434 2480 1499 plebis
2530 1436 2725 1502 liberm.

1666 1512 1816 1560 Dicit
1858 1510 2090 1570 bacillos,
2136 1512 2259 1576 quia
2303 1512 2497 1574 plures,
2540 1527 2727 1575 nempe

1668 1601 1762 1649 pro
1793 1600 2006 1636 numero
2049 1586 2290 1636 lictorum
2329 1586 2605 1638 duodecim
2640 1587 2728 1653 qui

1668 1662 1923 1726 praeibant
1945 1662 2160 1712 consuli.
2588 1651 2595 1658 ⁹
2640 1647 2649 1661 ¹

1734 1737 1907 1786 Fasces
1929 1752 2164 1786 mansere
2185 1738 2236 1787 in
2261 1738 2424 1799 urbe3
2453 1744 2513 1808 ‘at
2545 1754 2731 1790 secares

1668 1815 1829 1864 semel
1854 1822 2037 1863 amotae
2057 1829 2123 1862 ex
2146 1814 2276 1884 urbe
2298 1829 2329 1863 a
2349 1813 2639 1875 Publicola,
2661 1828 2729 1865 ne

1669 1892 1744 1940 sic
1768 1889 1998 1939 delibare
2030 1888 2328 1940 libertatem
2364 1891 2541 1953 populi
2577 1891 2727 1946 Rom.

1667 1964 1946 2015 videretur.
2012 1965 2200 2028 ltaque
2221 1978 2402 2013 secures
2422 1964 2477 2013 in
2499 1980 2595 2015 usu
2619 1972 2727 2015 tau-

1667 2047 1774 2089 tum
1797 2047 1948 2090 extra
1968 2040 2166 2103 urbem,
2191 2046 2245 2091 et
2267 2040 2317 2088 in
2340 2041 2497 2091 bello.

1731 2116 1979 2165 Attamen
2003 2117 2237 2179 praelatae
2262 2130 2466 2166 secures
2492 2115 2732 2164 Dictato-

1670 2192 1734 2253 ri,
1757 2193 1913 2241 etiam
1945 2193 1998 2240 in
2018 2191 2163 2253 urbe,
2188 2190 2389 2254 quoties
2411 2191 2522 2240 sine
2545 2204 2727 2255 provo·

1671 2268 1874 2317 catione
1891 2274 2098 2316 creatus
2122 2272 2275 2315 esset.

1737 2342 1910 2393 Fasces
1935 2342 2285 2405 praeferebant
2318 2347 2542 2406 erectoS,
2562 2347 2653 2408 aut
2675 2341 2726 2392 in

1668 2417 1910 2467 humeris.
1999 2418 2155 2467 Forte
2211 2424 2434 2481 erectos,
2491 2417 2611 2483 dum
2662 2416 2725 2467 ad

1671 2493 1830 2542 breve
1863 2493 1963 2542 iter
2004 2493 2475 2562 progrederentur,
2499 2494 2619 2542 dein
2657 2494 2732 2543 iu-

1671 2568 1892 2616 clinatos
1935 2568 2180 2631 humeris,
2219 2567 2261 2616 si
2305 2568 2509 2633 quando
2549 2569 2729 2633 procul

1669 2644 1826 2693 irent.
2516 2682 2521 2693 .

1738 2719 1928 2767 Fasces
1951 2717 2332 2767 submittebant
2364 2718 2548 2782 majori
2570 2718 2734 2784 digni-

1671 2793 1789 2855 tati,
1834 2808 1925 2842 seu
1961 2789 2280 2855 magistratui
2326 2795 2539 2858 majori3
2594 2796 2729 2858 quod

1672 2870 1831 2930 coepit
1849 2867 1988 2918 forte
2008 2883 2038 2917 a
2059 2869 2269 2918 Valerio
2292 2869 2497 2919 Public.
2520 2868 2728 2923 Livius:

1668 2942 1688 2970 ⁴
1708 2942 1923 2993 Gratum
1947 2943 2000 2992 id
2022 2943 2340 2994 multitudini
2378 2946 2732 3008 spectaculum

1673 3016 1794 3082 fuit,
1815 3018 2063 3068 submissa
2083 3019 2179 3068 sibi
2201 3035 2314 3069 esse
2338 3021 2541 3085 imperii
2579 3021 2733 3086 insig-

1670 3094 1778 3156 nia,
1801 3094 2274 3160 confessionemque
2302 3095 2512 3157 factam,
2538 3096 2734 3160 populi,

1675 3183 1828 3233 quam
1872 3173 2115 3233 consulis,
2164 3172 2484 3236 majestatem
2514 3162 2733 3239 ,vimque

1672 3245 1917 3308 majorem
1965 3246 2130 3294 esse:'
2186 3261 2272 3303 eos
2315 3248 2638 3315 inclinabant
2678 3249 2733 3297 in

1675 3326 1866 3369 terram
1903 3326 2119 3371 et-ante
2155 3322 2317 3384 pedes
2355 3323 2735 3386 deprimebant.

1743 3394 1918 3443 Minor
1961 3394 2286 3458 magistratus
2341 3405 2491 3448 extra
2553 3388 2732 3452 urbem

1678 3469 1972 3532 deponebat
1991 3486 2188 3533 secures,
2210 3474 2319 3523 sive
2340 3482 2482 3522 terra
2502 3467 2607 3524 sive
2631 3489 2736 3527 ma-

1676 3547 1721 3593 ri
1741 3555 2041 3596 occurreret
2061 3548 2241 3612 majori
2263 3549 2600 3610 magistratui.
2643 3550 2737 3599 ni-

1679 3635 1822 3684 onys.
1845 3622 1934 3671 lib.
1958 3622 2083 3671 vin.
2108 3624 2193 3672 ubi
2225 3624 2292 3673 de
2327 3625 2404 3673 M.
2434 3626 2734 3676 Coriolano:

1680 3700 1695 3724 ‘
1725 3699 1985 3760 Praecepit
2016 3700 2262 3749 ministris
2299 3699 2562 3764 deponere
2592 3715 2739 3754 secu·

1678 3789 1781 3833 res,
1817 3780 1873 3823 et
1905 3773 2070 3824 fasces
2105 3777 2426 3827 submittere.
2493 3774 2560 3826 Id
2600 3771 2769 3843 enim'

1672 3860 1775 3914 ‘pro
1807 3865 1945 3900 more
1984 3850 2182 3902 faciunt
2228 3854 2462 3915 Romani,
2492 3868 2610 3912 cum
2647 3853 2740 3904 mi-

1590 3966 1593 3971 .
1678 3939 1828 3974 nores
1861 3926 2140 3989 majoribus
2167 3936 2447 3978 occurrunt
2468 3920 2740 4003 magistra·

1676 4003 1856 4052 tibus!

1745 4081 1882 4130 Mari
1932 4081 2112 4145 itidem
2155 4088 2508 4146 occurrentes,
2548 4066 2740 4144 siguini

1672 4154 1913 4217 pretoria,
1932 4156 2069 4205 navis
2086 4156 2416 4220 deponebant
2436 4172 2452 4217 ς
2504 4162 2618 4206 tum
2648 4156 2740 4207 lic·

1676 4235 1820 4280 tores
1858 4230 1925 4281 ad
1962 4232 2189 4296 speciem
2212 4232 2413 4298 imperii
2433 4233 2578 4284 soliti
2599 4238 2743 4291 stare
