3100 4925
2430 384 2603 449 146⁷

390 541 839 617 servabantur,
871 540 891 570 ‘
918 543 985 604 et
1029 535 1455 616 Germanos:
1496 540 1694 622 super
1738 537 2039 603 eundem·
2058 538 2414 620 honorem‚¹⁸
2446 555 2601 608 cus⁴

386 400 676 464 seusa}
1080 394 1491 443 ANNAMUM
1543 395 1691 442 ΜΒ.
1738 395 1915 442 xlll-

392 734 673 785 manosque
699 721 876 785 etiam,
888 725 1068 784 praeter
1089 720 1173 769 hoc
1193 719 1317 769 idem
1334 722 1491 783 decus,
1512 697 1744 794 satellites
1772 720 2017 783 adjunctos
2050 718 2192 769 abire
2215 717 2373 786 jubet.
2442 719 2512 770 Et
2543 735 2603 771 ae

1325 883 1681 903 OOOOO‘OOONO

387 975 477 1025 sed
502 977 814 1027 locutionem
852 978 1008 1028 etiam
1036 977 1273 1027 continet
1303 978 1494 1027 Tacito
1527 975 1857 1027 familiarem.
1923 978 2181 1029 Budensis
2221 978 2354 1028 enim
2394 978 2601 1043 Codex,

386 1041 636 1092 Rbenano
656 1049 813 1106 teste,
833 1043 958 1091 item
981 1044 1112 1105 Reg.
1150 1044 1298 1120 ,Quas
1316 1048 1369 1092 ut
1392 1042 1585 1104 conjugi
1620 1042 1930 1103 Imperatoris
1951 1044 2159 1106 solitum,
2181 1048 2234 1093 ut
2266 1047 2412 1092 matri
2441 1058 2598 1093 serva·

387 1104 575 1154 bantur.
611 1107 750 1156 Flor.
810 1107 931 1161 Quae
969 1113 1024 1155 ut
1060 1106 1247 1167 confligi
1284 1106 1595 1169 Imperatoris
1618 1106 1813 1155 solitum
1846 1111 1887 1154 ti
1921 1112 1969 1156 et
2005 1113 2060 1155 ut
2099 1108 2244 1155 matri
2276 1106 2598 1157 servabantur.

386 1169 572 1220 Meus:
606 1186 728 1233 qim,
763 1176 818 1219 ut
857 1171 1047 1232 coniugi
1088 1172 1395 1233 Imperatoris
1436 1172 1644 1229 solitum,
1683 1175 1731 1219 et
1770 1170 1916 1219 matri
1949 1166 2289 1229 bersabeam-,-
2344 1171 2596 1246 quomodo

386 1232 614 1282 Faiirnus
638 1233 979 1285 divinaverat.
1046 1235 1199 1288 Quod
1224 1248 1340 1284 cum
1365 1235 1521 1284 dubio
1544 1235 1729 1298 procul
1753 1248 1950 1294 verum,
1973 1235 2235 1310 Lipsianae
2274 1236 2594 1311 conjecturae

385 1310 417 1345 a
445 1312 526 1347 me
560 1299 832 1361 praelatum
871 1306 968 1350 est.
1034 1299 1284 1349 Similiter
1323 1311 1450 1349 1111.
1490 1251 1578 1349 16p
1608 1299 1854 1349 ‘solitum
1894 1299 1986 1363 ita,
2019 1300 2114 1363 ait,
2144 1314 2239 1363 per
2283 1298 2599 1349 comitialem

385 1361 650 1411 morbum!
686 1363 919 1426 Ryckim.

1385 1457 1598 1509 NOTAE

385 1571 549 1635 primo
582 1572 908 1635 gravabatur,
930 1578 991 1622 ut
1032 1572 1226 1622 invidia
1259 1571 1447 1622 identi-

384 1646 504 1696 dem
541 1654 799 1709 oneraret,
842 1649 988 1714 quasi
1023 1663 1257 1698 cessurus
1288 1649 1449 1712 impe·

386 1722 484 1784 rio,
523 1723 862 1789 Rhodumque
904 1725 1173 1776 abiturus:
1231 1740 1351 1774 mox
1391 1730 1449 1774 et

384 1796 579 1848 honore
617 1800 755 1849 omni
794 1806 848 1860 et
902 1807 1160 1864 potestate
1202 1800 1446 1864 privavit,

386 1872 718 1939 abductaque
742 1876 963 1925 militum
994 1883 1050 1926 et
1073 1876 1450 1927 Germanorum

387 1951 634 2014 statione,
650 1953 991 2003 contubernio
1028 1968 1232 2019 quoque
1265 1968 1327 2003 ac
1361 1968 1449 2016 pa·

384 2026 510 2076 latio
530 2028 770 2092 expulit.'

446 2100 471 2135 ¹³
507 2104 787 2167 Germanos,
806 2119 948 2169 super
980 2108 1174 2155 eundem
1204 2105 1445 2167 honorem]

386 2177 596 2241 Duplex
620 2194 744 2242 ergo
768 2180 1008 2230 custodia
1023 2180 1349 2245 Agrippinae,
1369 2181 1446 2229 nti

387 2259 445 2304 et
483 2253 706 2318 principi
728 2255 848 2317 ipsi,
895 2256 1208 2305 Praetoriani
1239 2255 1446 2318 milites,

386 2329 764 2393 Germanique„
815 2332 1029 2380 Sueton.
1052 2345 1168 2393 cap.
1189 2335 1271 2381 34.
1294 2332 1310 2358 ‘
1334 2328 1444 2380 Ab·

384 2405 641 2469 ductaque
692 2404 910 2456 militum
964 2411 1021 2454 et
1066 2406 1443 2455 Germanorum

382 2481 626 2544 statione,
642 2481 984 2532 contubernio
1007 2495 1212 2546 quoque
1245 2495 1307 2532 ac
1344 2481 1444 2531 Pa·

383 2552 511 2607 latio
528 2557 767 2621 expulit-⁹

443 2633 767 2697 Jampridem
794 2648 917 2684 vero
940 2632 1215 2685 Germanis
1237 2632 1445 2684 habitus

382 2707 427 2758 is
447 2709 641 2771 honos3
677 2716 867 2759 etante
889 2725 978 2759 eos
1003 2709 1271 2773 Hispanis.
1305 2710 1444 2759 Nam

381 2784 550 2837 Julius
583 2786 764 2837 Caesar
786 2784 1139 2849 Hispanorum
1177 2786 1443 2836 cohortem

381 2861 638 2913 habuerat
674 2862 927 2913 custodiae
968 2877 1106 2924 suae3
1159 2864 1370 2912 Sueton.
1390 2862 1444 2911 in

380 2935 485 2990 Jul.
503 2951 618 3000 cap.
637 2941 720 2986 86.
746 2943 803 2985 et
816 2937 1319 3000 Calagurritanorum
1342 2952 1444 2986 ma·

380 3026 501 3061 num
518 3011 806 3074 Augustus,
826 3012 1044 3062 Sueton.
1068 3027 1183 3076 cap.
1205 3016 1289 3062 49.
1339 3012 1442 3062 Sed

381 3086 419 3137 ii
438 3087 668 3138 dimissi:
701 3095 758 3137 et
779 3089 831 3136 in
855 3102 1036 3138 eorum
1067 3089 1236 3139 vicem
1268 3089 1443 3138 allecti

382 3162 646 3212 Germani.
712 3165 855 3216 Quos
870 3162 1009 3226 ipsos
1031 3170 1173 3211 metu
1196 3163 1369 3227 aliquo
1388 3171 1444 3212 et

381 3240 674 3303 suspicione
720 3239 789 3288 ob
818 3230 945 3288 Vari
975 3238 1176 3288 cladem
1197 3238 1440 3302 (Sueton.

382 3330 500 3381 cap.
552 3316 661 3381 48.)
695 3317 994 3376 dimiserat3
1050 3316 1143 3365 sed
1199 3331 1340 3378 mox,
1381 3324 1441 3366 ut

381 3393 581 3458 opinor,
602 3394 807 3457 recepit
821 3393 1107 3456 Augustus.

444 3470 648 3520 Habuit
672 3476 819 3519 certe
841 3483 932 3518 eos
954 3469 1093 3518 inter
1127 3467 1276 3517 initia
1306 3467 1444 3531 prin·

382 3546 584 3611 cipatus
632 3546 895 3609 Tiberius,
931 3560 999 3594 ex
1042 3544 1225 3594 Tacito
1273 3544 1367 3597 lib.
1400 3559 1442 3594 ι.

379 3623 395 3651 ⁴
421 3624 627 3674 Robora
659 3623 1037 3673 Germanorum
1074 3621 1162 3686 qui
1187 3627 1298 3671 tum
1330 3635 1442 3670 cus-

382 3699 532 3750 todes
579 3697 894 3761 Imperatori
937 3696 1199 3745 aderantz’
1253 3695 1445 3760 aliique

381 3773 450 3824 ad
484 3774 707 3824 Galbam
737 3786 940 3837 usque,
985 3774 1000 3799 ‘
1038 3772 1127 3836 qui
1177 3771 1444 3823 cohortem

380 3851 759 3901 Germanorum
803 3838 924 3899 olim
962 3863 995 3898 a
1039 3848 1333 3898 Caesaribus
1378 3847 1443 3896 ad

382 3925 675 3977 custodiam
697 3926 930 3990 corporis
954 3925 1266 3988 institutam,
1286 3931 1443 3990 atque

379 4002 554 4053 multis
575 4000 943 4066 experimentis
970 4000 1321 4053 fidelissimam
1345 4001 1445 4050 dis·

381 4077 571 4130 solvit!

444 4154 549 4205 Sed
587 4160 645 4204 et
679 4160 798 4218 post
836 4167 960 4204 eum.
988 4152 1178 4205 iterum
1215 4157 1444 4216 recepta,

381 4231 459 4284 uti
481 4231 679 4283 clarum
700 4245 767 4281 ex
780 4229 995 4281 historia
1017 4228 1281 4281 inferiore.
1339 4227 1444 4279 lm-

1525 1584 1613 1621 mo
1633 1573 1692 1621 et
1712 1569 1917 1620 externi
1937 1584 2090 1634 reges
2105 1570 2270 1620 vitam
2292 1585 2438 1620 suam
2455 1584 2594 1621 com·

1526 1647 1710 1697 misere
1754 1647 1889 1695 istis.
1977 1646 2059 1694 De
2106 1644 2321 1694 Herode
2362 1646 2594 1710 quidem,

1528 1722 1690 1788 (apud
1708 1724 1742 1774 J
1748 1724 1922 1786 oseph.
1937 1722 2026 1771 lib.
2041 1720 2210 1786 xvn.)
2240 1721 2275 1772 J
2279 1722 2442 1771 udaeae
2455 1736 2598 1785 rege,

1528 1801 1645 1863 lego
1672 1799 1911 1849 habuisse
1947 1813 2064 1848 eum
2102 1797 2156 1846 in
2189 1797 2437 1847 satellitio
2459 1798 2592 1848 Ger·

1528 1891 1726 1926 manos.

1592 1952 1764 2000 Faveo
1798 1950 1913 2012 tibi,
1949 1950 2335 2014 pugnacissima
2371 1954 2429 2000 et
2464 1947 2594 1999 fide·

1523 2026 1718 2075 lissima
1735 2040 1877 2090 gens,
1907 2023 2057 2074 faveo
2081 2026 2213 2075 hanc
2229 2023 2456 2087 laudem,
2475 2038 2591 2089 quae

1526 2107 1703 2152 tamen
1725 2102 1935 2165 propria
1969 2101 2345 2166 quodammodo
2384 2102 2597 2150 Batavo-

1523 2192 1630 2226 rum
1647 2194 1663 2227 τ
1717 2177 1796 2226 uti
1838 2177 1973 2226 enim
2017 2178 2170 2226 hodie
2228 2178 2463 2241 Helvetii,
2516 2179 2592 2228 sie

1523 2252 1600 2300 illi
1614 2252 1737 2301 olim
1761 2253 1942 2301 eximii
1963 2253 2060 2302 visi
2087 2253 2154 2302 ad
2176 2253 2276 2303 hoc
2297 2268 2498 2306 munus.

1590 2327 1778 2391 Itaque
1793 2328 2230 2378 indiscriminatim
2245 2330 2396 2378 modo
2411 2329 2595 2380 Batavi
2667 2368 2673 2372 .

1525 2403 1566 2453 ii
1594 2404 1842 2453 custodes
1869 2404 2139 2467 appellati,
2167 2404 2319 2453 modo
2345 2404 2594 2456 Germani..

1526 2480 1764 2543 Batavos,
1779 2480 1927 2530 Suet.
1948 2481 2058 2530 Cal.
2078 2496 2194 2545 cap.
2216 2484 2299 2533 43.
2333 2482 2595 2544 nominatg

1526 2558 1841 2607 Plutarchus
1865 2557 1917 2606 in
1943 2556 2173 2617 Othone,
2204 2557 2309 2608 Dio
2330 2558 2594 2622 apertissi-

1526 2644 1610 2680 me
1643 2631 1731 2682 lib.
1756 2646 1842 2683 ιν.
1911 2634 1992 2682 Ex
2028 2635 2176 2697 cujus
2215 2634 2388 2685 verbis
2430 2634 2593 2687 etiam

1527 2707 1716 2771 discet,
1732 2708 1950 2773 Equites
1969 2709 2280 2775 peditesque
2299 2712 2351 2760 in
2370 2713 2468 2760 hac
2482 2724 2593 2760 ma-

1523 2794 1596 2832 nu
1633 2781 1820 2834 fuisse:
1857 2784 1992 2834 sicut
2026 2793 2083 2834 et
2124 2786 2177 2834 in
2211 2786 2589 2849 constitutione

1525 2859 1802 2921 Hadriani,
1834 2861 1972 2909 inter
2002 2861 2361 2911 vexillationes
2396 2861 2593 2911 Palati-

1526 2952 1638 2998 nas,
1660 2937 1873 2986 Batavos
1903 2937 2105 3001 equites
2126 2938 2354 2989 seniores
2401 2937 2579 3002 junio·

1523 3025 1709 3075 resque
1726 3012 2012 3062 recensitos
2032 3013 2280 3076 reperies.

1587 3087 1672 3137 Ad
1694 3088 1786 3137 bos
1806 3102 1908 3137 non
1930 3087 2087 3138 dubie
2109 3087 2350 3138 custodes
2372 3088 2463 3138 illa
2488 3089 2591 3139 Ar-

1524 3162 1654 3212 riani
1692 3170 1939 3227 spectant
1996 3164 2063 3213 de
2103 3164 2337 3228 oblongis
2383 3166 2590 3229 gladiis,

1522 3254 1738 3303 quorum
1750 3246 1807 3288 et
1820 3254 1955 3288 nunc
1980 3241 2255 3290 Germanae
2275 3242 2420 3304 genti
2432 3257 2554 3292 usus
2571 3259 2586 3292 ε

1521 3315 1610 3364 lib.
1655 3328 1734 3364 xv.
1781 3314 2255 3365 Dissertationum:
2298 3316 2314 3343 ‘
2348 3315 2588 3369 Ostende

1521 3388 1648 3438 mihi
1670 3389 1868 3452 gladios
1904 3391 2032 3440 istos
2065 3390 2365 3440 satellitum.
2427 3391 2590 3452 Eece,

1528 3479 1682 3529 quam
1722 3465 1892 3528 magni
1930 3478 2188 3529 quamque
2224 3467 2392 3515 acuti!
2446 3466 2589 3518 Quid

1523 3555 1649 3605 ergo
1668 3540 1868 3591 faciunt
1884 3542 1972 3591 isti
1987 3542 2160 3606 magui
2173 3542 2331 3605 gladii
2348 3541 2591 3608 etssacuti?

1523 3617 1808 3668 occidunt?

1594 3697 1821 3760 Reperio
1856 3701 1912 3746 et
1932 3695 2126 3746 Frisios
2146 3695 2201 3744 in
2237 3696 2333 3746 boc
2352 3709 2589 3760 numero,

1523 3771 1722 3822 viciuos
1738 3772 1944 3822 scilicet
1970 3773 2179 3822 Batavis
2211 3771 2440 3835 ingenio,
2456 3772 2590 3822 situ-

1525 3861 1645 3913 que.
1718 3848 1875 3911 Lapis
1917 3848 2263 3897 Interamnae:
2299 3859 2588 3899 mumvs.

1529 3936 1786 3974 nunoms.
1830 3937 2086 3974 emaum.
2136 3936 2422 3972 coaroms.
2461 3934 2589 3972 ovs-

1524 4012 1641 4050 ros.
1687 4013 1954 4050 lta-rioms.
1994 4012 2187 4058 turso„
2233 3999 2444 4062 Lipsius.

1592 4074 1879 4138 Germanos]
1934 4077 2079 4128 Quos
2099 4082 2158 4126 et
2186 4076 2401 4125 Batavos
2433 4078 2588 4125 voest

1524 4152 1741 4204 Sueton.
1775 4154 1829 4202 in
1866 4153 2017 4214 Caio,
2037 4151 2116 4202 sic
2152 4159 2298 4216 puto,
2317 4150 2440 4216 quia
2472 4148 2588 4200 fere

1523 4228 1664 4281 idem
1688 4227 1915 4279 Batavis,
1942 4242 2063 4280 cum
2093 4225 2342 4278 inferiore
2366 4225 2587 4280 Guma-
