3100 4925
375 401 448 458 ’3.
471 404 531 457 c.
552 402 662 468 ⁵22]
708 438 716 444 -

1093 397 1509 449 ausimum
1554 400 1704 452 ms.
1748 362 1895 450 x11}

2409 388 2609 456 m.

389 540 681 618 haberet,
734 559 815 605 ac
865 539 1191 624 Princeps
1238 542 1610 625 juventutis
1623 552 1652 580 ¹
1695 542 2183 629 appellaretur.¹
2267 543 2587 612 Additum

389 720 451 756 ac
481 706 696 771 princeps
717 705 985 769 juventutis
1013 708 1387 770 appellaretur.
1450 709 1698 771 Adiectum
1735 712 1949 761 vocabulo
1982 712 2083 773 ejus
2117 711 2387 762 domtivum
2423 712 2592 776 nauti,

1390 846 1601 896 NOTAE

388 947 571 998 habuit
591 954 648 998 et
666 949 805 998 intra
826 955 881 999 et
903 954 1051 999 extra
1074 947 1272 999 urbem.

455 1024 542 1074 Sic
562 1024 719 1074 etiam
741 1023 1177 1088 distinguebatur,
1207 1026 1272 1074 ab
1295 1025 1454 1088 impe-

388 1100 468 1150 rio
498 1101 584 1150 illo
607 1099 979 1163 proconsulari,
1001 1115 1050 1148 v.
1076 1115 1127 1163 g.
1152 1100 1281 1163 Caii,
1300 1100 1456 1150 Tibe·

386 1178 469 1242 rii,
490 1178 804 1239 Germanici,
826 1177 960 1243 quod
994 1178 1133 1226 intra
1157 1186 1304 1229 certa
1333 1194 1453 1243 pro·

389 1253 675 1304 vinciar-um
696 1254 868 1318 spatia
883 1254 1160 1303 limitatum
1182 1253 1286 1304 fuit
1305 1260 1361 1304 et
1383 1255 1451 1304 ad

390 1337 589 1380 certum
614 1339 831 1393 tempus.
887 1331 1023 1379 Nam
1042 1330 1117 1379 sic
1139 1329 1452 1394 intelligitur

391 1407 660 1472 imperium
693 1414 843 1458 extra
874 1408 1077 1468 urbem,
1112 1407 1251 1471 quod
1273 1413 1452 1456 exten-

393 1482 545 1549 datur
565 1498 749 1548 nempe
766 1490 822 1532 et
839 1483 893 1532 in
914 1484 1121 1533 Italiam
1142 1484 1451 1546 nniversam,

391 1566 447 1611 et
486 1562 562 1615 in.
577 1569 778 1611 ceteras
817 1561 956 1611 orbis
979 1561 1201 1611 Romani
1234 1561 1451 1610 Provin-

391 1636 517 1699 cias,
538 1643 594 1688 et
612 1638 750 1702 quod
774 1643 1082 1700 perpetuum
1106 1636 1189 1686 sit.

457 1715 614 1764 Certe
631 1715 774 1763 nulla
783 1712 993 1762 fuerunt
1011 1712 1260 1776 auspicia,
1277 1718 1448 1776 potes·

391 1796 470 1840 tas
486 1791 623 1841 nulla
634 1788 1083 1855 proconsulis,nisi
1101 1795 1251 1838 extra
1266 1788 1447 1838 urbem

387 1867 561 1931 prisca
599 1867 780 1931 repub.
815 1871 870 1914 et
909 1866 1022 1929 ipse
1059 1862 1341 1928 Augustus,
1380 1877 1447 1912 ne

387 1943 653 1993 amitteret
688 1944 796 1993 tale
828 1940 1095 2005 imperium
1131 1940 1298 2003 initio,
1329 1940 1447 1991 snb·

389 2019 609 2069 sistebat
628 2025 779 2069 extra
800 2019 996 2068 urbem.

454 2093 560 2144 Dio
599 2095 635 2143 1.
674 2107 759 2143 nv.
799 2093 885 2143 ubi
922 2093 988 2142 de
1013 2092 1188 2141 Druso
1212 2099 1443 2142 mortuo:

386 2168 409 2196 ⁰
429 2169 684 2220 Quoniam
720 2169 788 2233 ei,
826 2169 914 2233 qui
952 2183 1071 2218 cum
1111 2168 1346 2218 exercitu
1379 2169 1444 2218 ab

391 2242 519 2292 urbe
539 2241 805 2306 profectus
828 2249 985 2305 esset,
1003 2241 1079 2292 fas
1117 2257 1217 2291 non
1239 2241 1341 2292 fuit
1371 2244 1447 2292 iu-

390 2325 474 2369 tra
494 2319 795 2383 pomoerium
829 2318 968 2369 urbis
991 2319 1206 2382 intrare,
1228 2334 1345 2369 cum
1367 2333 1446 2382 ea,

389 2413 503 2464 qnae
543 2406 665 2448 ante
704 2396 883 2463 perfici
921 2396 1174 2461 majorum
1213 2396 1447 2446 instituta

380 2471 650 2538 juberent,
686 2488 787 2523 non
819 2474 1169 2537 adimplesset,
1192 2472 1445 2523 cadavere

387 2550 545 2600 Drusi
561 2550 612 2598 in
634 2549 750 2599 foro
770 2549 1052 2615 proposito,
1073 2549 1266 2613 duplex
1283 2549 1446 2598 Drusi

385 2625 637 2687 laudatio,
655 2639 757 2673 una
779 2639 810 2672 a
830 2624 1047 2673 Tiberio
1078 2622 1132 2671 in
1166 2623 1278 2686 ipso
1300 2620 1448 2687 foro,'

386 2699 507 2766 (pro
521 2699 724 2763 rostris)
736 2700 752 2727 ‘
768 2700 935 2748 altera
960 2698 1012 2747 in
1032 2697 1182 2748 Circo
1195 2697 1448 2749 Flaminio

390 2776 457 2826 ab
480 2777 715 2840 Augusto
738 2777 915 2826 habita
936 2782 1037 2839 est,
1055 2777 1143 2841 qui
1166 2790 1285 2827 cum
1306 2789 1450 2826 exer·

387 2852 496 2903 citu
516 2853 581 2902 ab
604 2853 732 2902 urbe
769 2851 1030 2915 profectus
1057 2858 1192 2915 erat,
1225 2851 1449 2916 ideoque

386 2926 531 2978 nefas
575 2929 624 2979 ei
670 2935 801 2992 erat,
838 2928 975 2978 iutra
1027 2926 1331 2992 pomoerium
1371 2927 1449 2976 in·

388 3003 568 3054 trare?

453 3081 615 3131 Patet
643 3079 813 3132 ‘etiam
850 3095 917 3130 ex
951 3080 1109 3129 allato
1129 3077 1296 3129 Taciti
1328 3079 1446 3127 loco

388 3158 425 3206 l.
442 3171 485 3209 1.
501 3159 523 3186 ⁴
543 3157 854 3208 Germanico
876 3156 1071 3207 Caesari
1083 3155 1447 3219 proconsulare

388 3232 658 3296 imperium
677 3233 880 3296 petivit,
893 3235 993 3280 διο.
1012 3244 1113 3294 quo
1129 3233 1295 3278 minus
1312 3228 1449 3278 idem

390 3321 485 3372 pro
519 3309 692 3357 Druso
746 3307 1116 3371 postularetur,
1166 3319 1231 3354 ea
1279 3318 1452 3368 causa,

389 3383 527 3448 quod
545 3382 839 3446 designatus
861 3382 1051 3432 Consul
1075 3382 1278 3430 Drusus
1312 3395 1449 3445 prae-

390 3473 609 3523 sensque
631 3457 780 3509 erat.'

454 3536 666 3599 Duplex
699 3548 764 3583 ea
796 3549 950 3584 causa
988 3532 1213 3593 videtur,
1235 3538 1291 3582 et
1326 3529 1449 3596 quia

390 3608 686 3674 designatus
701 3610 893 3660 Consul
914 3610 1136 3671 Drusus,
1157 3607 1348 3672 quique
1372 3606 1448 3655 sic

390 3691 701 3748 potestatem
724 3686 961 3735 Consulis
996 3682 1305 3734 ordinariam
1338 3683 1446 3732 cito

391 3760 673 3825 adepturus
713 3759 834 3823 fuit,
869 3769 926 3812 et
966 3762 1087 3826 quia
1127 3773 1355 3824 praesens
1394 3758 1447 3807 in

390 3837 517 3886 urbe
544 3842 675 3888 erat.
1239 3851 1242 3856 ’

385 3897 406 3914 “
455 3912 592 3961 Nam
612 3926 714 3961 non
745 3912 916 3976 potuit
951 3912 1144 3963 habere
1180 3910 1449 3975 imperium

390 4001 486 4050 pro
518 3987 759 4051 Consule,
794 3990 882 4053 qui
922 3989 1111 4038 Consul
1155 3988 1268 4051 ipse
1303 3992 1360 4036 et
1395 3986 1449 4033 in

388 4064 517 4114 urbe
555 4078 783 4127 praesens
826 4072 970 4125 erat;
1016 4079 1136 4114 cum
1174 4076 1450 4127 proconsu-

388 4138 499 4188 lare
521 4137 791 4203 imperium
812 4139 1127 4189 destinatum
1145 4147 1286 4190 esset
1303 4138 1451 4188 bellis

391 4214 620 4267 extemis
657 4221 721 4267 et
760 4223 914 4268 extra
940 4216 1149 4267 ‚urbem
1191 4214 1453 4281 gerendis,

1530 952 1773 1017 nullaque
1840 953 1954 1017 ejus
2028 952 2301 1017 potestatis
2354 957 2588 1019 auspicia
2624 944 2625 947 ¹

1530 1035 1724 1091 essent,
1785 1029 1882 1079 nisi
1936 1038 2086 1080 extra
2139 1032 2442 1094 pomoerium
2504 1048 2586 1082 nr-

1531 1104 1628 1156 bis.

1598 1178 1739 1229 Hinc
1793 1179 1979 1231 Cicero
2016 1182 2187 1246 Epist.
2226 1194 2330 1232 vn.
2369 1188 2420 1233 6.
2469 1184 2485 1212 ‘
2528 1184 2586 1235 Si

1530 1254 1629 1304 boc
1661 1255 1952 1318 imperium’
1974 1256 2405 1323 (Proconsulare)
2423 1257 2441 1286 ‘
2463 1259 2590 1310 mihi

1528 1331 1800 1381 molestum
1833 1334 1954 1395 erit,
1988 1340 2108 1382 utar
2144 1348 2208 1384 ea
2243 1339 2398 1398 porta
2435 1350 2589 1400 quam

1529 1407 1748 1468 primum
1770 1407 1983 1458 videro?
2039 1410 2199 1459 Certa
2218 1410 2335 1472 lege
2358 1417 2587 1474 cautum,

1527 1494 1595 1529 ne
1632 1482 1745 1546 quis
1800 1483 2017 1547 imperio
2053 1485 2407 1546 proconsulari
2448 1484 2590 1535 intra

1528 1558 1830 1620 pomoerium
1885 1564 2216 1608 versaretur:
2270 1561 2346 1609 sic
2396 1560 2502 1610 Dio
2551 1562 2589 1612 l.

1527 1644 1735 1681 xxxrx.
1754 1638 1810 1682 et
1831 1634 2038 1682 Sallust.
2062 1634 2216 1684 Catil.

1592 1707 1664 1755 Et
1699 1707 1743 1754 si
1765 1707 1880 1772 quis
1914 1705 2052 1757 forte
2090 1709 2367 1771 proconsul
2406 1709 2585 1760 urbem

1525 1780 1789 1844 intrasset,
1807 1784 1986 1845 egredi
2006 1798 2183 1833 rursus
2209 1784 2513 1847 cogebatur·
2525 1789 2590 1837 ud

1525 1858 1775 1918 repetendo
1793 1857 2023 1920 auspicia,
2046 1858 2088 1906 si
2111 1863 2422 1921 potestatem
2445 1860 2589 1910 illam

1524 1930 1756 1980 retinere
1775 1931 1952 1981 vellet.
2009 1932 2136 1982 Tac.
2153 1933 2188 1982 1.
2214 1936 2395 1984 111.19.
2458 1935 2474 1962 ‘
2513 1933 2590 1987 At

1528 2005 1733 2053 Drusus
1799 2005 1928 2054 urhe
1997 2020 2230 2070 egressus
2288 2010 2588 2072 repetendis

1526 2080 1790 2144 auspiciis,
1804 2095 1924 2130 mox
1948 2095 2112 2131 ovans
2133 2082 2369 2133 introiit!

1591 2153 1694 2204 Sed
1728 2169 1845 2204 cum
1886 2156 2118 2206 extincta
2159 2157 2425 2221 libertate,
2461 2159 2589 2209 nibil

1524 2227 1636 2278 fere
1653 2230 1801 2293 prisci
1819 2231 1973 2280 moris
1990 2232 2229 2282 relictum
2245 2234 2402 2296 sit,.et
2419 2234 2591 2285 omnia

1525 2312 1888 2369 perrumperet
1937 2306 2185 2370 adulatio,
2229 2311 2308 2357 vel
2371 2309 2590 2361 ambitio

1525 2380 1885 2443 tribuentium,
1918 2388 2009 2432 aut
2039 2384 2409 2448 accipientium
2431 2387 2590 2437 nimia

1526 2456 1738 2521 decora,
1762 2458 1969 2509 tandem
1990 2474 2132 2526 mox,
2168 2468 2303 2511 teste
2337 2463 2511 2512 Dione
2547 2465 2621 2530 1„-

1525 2548 1644 2585 Lrn.
1657 2537 1672 2564 ⁴
1687 2538 1882 2588 Statuit
1898 2540 2138 2602 Senatus,
2151 2545 2211 2590 ut
2220 2544 2587 2605 proconsulare

1524 2610 1797 2675 imperium
1832 2628 2037 2680 semper
2064 2616 2282 2667 haberet
2299 2616 2589 2684 Augustus,

1524 2703 1694 2754 neque
1711 2690 1850 2741 intra
1872 2694 2175 2755 pomoerium
2193 2696 2404 2744 veniens
2427 2696 2588 2761 depo-

1525 2773 1694 2826 neret,
1715 2768 1880 2817 antid
1907 2772 2143 2819 renovari
2176 2786 2305 2834 opus
2342 2781 2502 2836 esset,
2526 2781 2587 2824 ut

1527 2842 1695 2906 major
1716 2844 1816 2906 ipsi
1856 2845 1906 2893 iu
1931 2846 2226 2910 provinciis,
2264 2863 2415 2912 quam
2451 2865 2586 2914 prse-

1527 2916 1683 2967 fectis
1727 2934 1903 2968 earum
1952 2928 2097 2970 esset
2137 2929 2386 2985 potestas.
2450 2925 2585 2975 Inde

1529 3002 1764 3045 exortum
1809 3003 1910 3060 est,
1957 3001 2017 3046 ut
2068 2996 2351 3063 Augustus,
2397 3000 2586 3067 quique

1528 3088 1646 3123 eum
1681 3076 1845 3125 secuti
1884 3081 2021 3139 suut,
2046 3075 2403 3140 imperatores,
2441 3079 2605 3143 quasi¹

1526 3152 1912 3201 consuetudinis
1963 3166 2023 3201 ac
2081 3152 2211 3201 dicis
2254 3168 2425 3217 causa,
2468 3170 2584 3205 cum

1529 3226 1643 3276 aliis
1665 3228 1778 3276 istis
1800 3227 2098 3289 honoribus,
2122 3234 2178 3275 et
2199 3228 2475 3277 tribunicia
2497 3244 2586 3293 po-

1528 3307 1722 3351 testate
1777 3310 2065 3352 uterentur.
2131 3304 2377 3354 Quamvis
2418 3319 2587 3371 neque

1528 3381 1723 3431 tribuni
1741 3382 1906 3447 plebis
1928 3396 2131 3444 nomen,
2167 3396 2264 3432 nee
2301 3382 2586 3447 Augustus,

1526 3471 1626 3507 nec
1656 3458 1785 3507 alius
1807 3459 2087 3522 imperator
2107 3457 2305 3521 habuit,
2328 3464 2387 3507 ut
2412 3472 2584 3523 neque

1526 3533 1884 3599 proconsulis.’

1614 3608 1860 3660 Attamen
1913 3607 2078 3658 secuti
2131 3623 2252 3658 mox
2308 3608 2586 3674 principes,

1525 3686 1661 3735 tanti
1696 3685 2017 3734 aestimavere
2057 3683 2214 3734 decus
2249 3686 2590 3750 proconsulis,

1526 3769 1587 3810 ut
1621 3763 1675 3811 in
1714 3761 1901 3810 edictis
1943 3767 2255 3824 reponerent
2296 3761 2434 3810 iuter
2456 3761 2584 3812 alios

1528 3836 1727 3896 titulos,
1750 3836 1905 3901 idque
1927 3837 2114 3899 passim
2134 3836 2189 3884 in
2212 3836 2393 3901 elogiis
2415 3837 2586 3887 Caesa-

1529 3911 1671 3960 ribus
1710 3912 1916 3973 dicatis,
1955 3911 2091 3975 apud
2136 3911 2442 3975 Gruterum,
2461 3911 2585 3976 legi-

1532 3993 1634 4035 tur.

1596 4068 1622 4094 ¹
1644 4062 2166 4128 Princepsjuventutis]
2228 4061 2383 4112 Anno
2405 4063 2586 4112 Romae

1529 4138 1752 4187 conditae
1796 4142 1909 4191 804.
1949 4139 2141 4190 Christi
2163 4143 2244 4188 61.
2279 4136 2398 4188 vide
2435 4143 2588 4188 notas

1530 4228 1580 4264 c.
1599 4217 1680 4265 25.
1729 4214 1973 4266 Tillemmt.
