3100 4925
375 400 429 453 J.
457 402 517 454 c.
534 401 654 465 siff}
682 455 685 460 ,

379 559 539 622 gens
564 539 742 605 falsi.

1078 389 1495 452 ANNAMUM'
1541 397 1713 447 mm—
1736 399 1884 448 xil.

2409 365 2628 458 1213-

832 535 1087 622 Neque
1099 541 1270 603 enim
1319 559 1586 621 segnem
1632 539 1697 603 ei
1744 538 1978 612 fuisse
2010 531 2295 602 indolem
2325 537 2584 605 ferunte'

379 644 553 707 sive
571 661 825 718 verum,
871 660 988 705 seu
1039 642 1384 725 periculisss
1427 642 1978 746 commendatum²
2021 641 2290 705 retinuit
2327 640 2572 707 famam

384 744 534 807 sine
550 744 1028 829 experimentO.
1033 740 1058 778 ¹¹

424 843 573 908 27.
600 842 751 928 Sed
778 841 1173 927 Agrippina,
1202 861 1334 924 quo
1376 843 1513 906 vim
1542 861 1733 906 suam
1763 843 1968 907 sociis
2006 860 2269 938 quoque
2297 841 2580 907 nationi·

381 1017 545 1080 Neque
563 1019 687 1067 enim
707 1018 840 1068 hebes
861 1019 906 1067 ei
925 1018 1165 1079 ingenuum
1175 1017 1330 1078 fuisse
1365 1022 1599 1076 tradunt,-

1613 1018 1729 1066 ·sr've
1748 1017 1803 1066 id
1821 1032 1980 1066 verum
1998 1017 2084 1078 sit,
2104 1016 2201 1066 sive
2222 1015 2357 1066 rebus
2374 1011 2581 1067 adversis

382 1082 654 1143 celebratus,
665 1081 852 1141 famem
868 1083 1032 1131 habuit
1049 1083 1152 1130 sine
1171 1084 1423 1144 specimine
1442 1082 1632 1132 indolis.

445 1145 539 1195 Sed
557 1147 850 1210 Agrippina,
865 1162 953 1209 qao
969 1146 1228 1256 potentium
1251 1162 1381 1196 suam
1391 1146 1646 1207 foederatis
1663 1145 1808 1194 etim
1832 1144 2053 1206 gentibus
2071 1147 2412 1196 demonstraret
2412 1144 2579 1210 ,jubet

1302 1284 1413 1304 0000
1420 1283 1593 1303 ‘6000‘
1598 1283 1657 1302 ‘O

511 1397 544 1443 2
576 1392 789 1444 Amicus
821 1393 1047 1444 malebat
1069 1411 1083 1442 z
1117 1395 1217 1449 sive
1237 1409 1263 1443 e
1282 1408 1407 1456 vero,
1425 1392 1762 1456 sivepericulis
1780 1394 2138 1442 commendatus.
2203 1379 2450 1457 Ryckius;

1374 1521 1593 1571 NOTAE

382 1635 526 1685 venis
563 1634 653 1685 illa
688 1635 1050 1697 intempestiva
1071 1632 1255 1695 officia,
1277 1636 1361 1684 vel
1384 1635 1438 1683 in

381 1711 659 1761 ludibrium
683 1717 740 1759 et
756 1717 1072 1760 contemtum
1105 1711 1182 1758 sui
1220 1725 1282 1760 ea
1304 1711 1439 1760 acci-

383 1786 580 1850 piebat,
601 1786 684 1836 vel
717 1786 828 1849 ipse
864 1786 916 1834 in
955 1785 1181 1835 ludibria
1202 1786 1439 1836 verteba-

384 1869 489 1925 tur,
519 1876 609 1911 seu
631 1861 802 1910 irrisui
826 1866 881 1908 et
914 1859 1138 1909 ludibrio
1160 1861 1271 1924 ipse
1303 1869 1438 1921 erat,

383 1938 512 1986 licet
531 1935 824 1997 intelligens
848 1934 950 1983 doli
972 1936 1271 1994 novercalis.

449 2012 518 2060 Et
535 2011 645 2059 hoec
666 2010 834 2058 omnia
863 2009 1011 2059 simul
1030 2011 1333 2073 contingere
1357 2024 1443 2073 po-

385 2092 594 2136 tuerunt
612 2084 933 2145 Britannico,
948 2099 1132 2148 nempe
1150 2092 1207 2134 ut
1223 2088 1441 2136 eandem

385 2160 746 2211 contumeliam
770 2159 1030 2218 irrideret,
1051 2166 1108 2209 et
1141 2162 1194 2209 iu
1218 2161 1295 2210 sui
1317 2174 1438 2209 cou-

382 2226 604 2285 ⁸temtum
649 2235 931 2297 acciperet,
969 2240 1026 2282 et
1050 2235 1217 2284 simul
1259 2235 1440 2284 eadem

386 2311 696 2363 contumelia
734 2309 901 2359 irrisui
945 2315 1002 2358 et
1045 2309 1262 2359 ludibrio
1302 2309 1440 2373 apud

386 2386 583 2436 aulicos
608 2390 768 2436 esset.

448 2466 547 2515 Vel
565 2462 887 2527 simpliciter,
916 2462 1175 2511 desolatus
1212 2461 1458 2511 minine-2

386 2540 473 2588 riis
511 2528 737 2588 ludibrio
782 2544 914 2599 erat,
955 2537 1223 2598 intelligens
1268 2544 1441 2586 tamen

384 2614 619 2665 fraudem
656 2628 925 2664 novercae:
960 2627 1131 2677 neque
1172 2614 1308 2662 enim
1350 2614 1442 2663 ille

387 2691 530 2753 segni
548 2688 759 2752 iugenio
780 2688 898 2737 fuit.

450 2775 476 2810 τ
496 2766 609 2816 Sive
625 2781 803 2828 mm,
823 2780 904 2814 seu
928 2764 1190 2828 periculis}
1206 2765 1347 2827 Sive,
1368 2766 1444 2814 iu-

389 2843 519 2908 quit,
557 2856 736 2892 revera
774 2855 877 2890 nou
919 2839 1091 2903 segnis
1130 2840 1207 2888 illi
1245 2840 1459 2889 indoles·

385 2917 519 2969 suita
563 2918 672 2967 sive
708 2916 954 2979 pericula,
995 2920 1052 2964 et
1095 2929 1161 2963 ex
1204 2914 1447 2978 periculis

388 2992 554 3057 favor,
592 2993 724 3042 banc
769 2991 819 3041 ei
860 2989 1049 3039 famam
1092 2990 1445 3045 circumdede-

391 3077 732 3194 rmXlternans
768 3143 852 3191 hic
887 3156 1054 3191 sermo
1075 3141 1254 3190 Tacito
1278 3139 1445 3203 perfa-

387 3219 619 3270 miliaris.
688 3220 745 3267 L.
769 3232 854 3267 ιιι.
892 3218 1153 3278 ‘Longam
1188 3224 1243 3263 et
1281 3216 1443 3264 conti-

388 3311 544 3347 nuam
565 3294 848 3346 absentiam
883 3293 1130 3358 paulatim
1165 3292 1455 3353 meditans,

390 3371 499 3422 sive
533 3378 592 3421 ut
625 3378 796 3420 amoto
832 3374 1000 3431 patre,
1033 3368 1236 3416 Drusus
1268 3367 1446 3415 munia

390 3448 688 3496 consulatus
717 3445 853 3493 solus
876 3443 1080 3502 obiret)
1148 3443 1207 3491 L.
1235 3455 1300 3490 ιι.
1322 3444 1338 3470 ⁸
1362 3442 1444 3491 De

391 3536 451 3572 se
465 3522 590 3571 nibil
609 3520 810 3570 addidit
827 3526 967 3568 metu
986 3517 1211 3580 invidiae,
1224 3532 1289 3565 an
1307 3523 1449 3566 ratus

393 3597 760 3648 conscientiam
800 3594 931 3644 facti
972 3594 1094 3643 satis
1131 3607 1261 3642 esse.
1265 3592 1278 3614 ’
1346 3592 1449 3640 Ex-

394 3673 562 3735 empla
584 3661 765 3721 obvia(
817 3669 1026 3733 Lipsius.

458 3747 575 3796 Sive
606 3745 787 3808 verum]
843 3745 964 3794 Sive
1000 3744 1053 3795 id
1074 3758 1254 3795 verum
1275 3742 1452 3806 fuerit,

394 3822 503 3872 sive
520 3821 780 3886 periculis,
803 3835 922 3885 qnae
946 3820 1077 3869 adiit
1097 3821 1206 3881 ille,
1220 3819 1450 3868 celebra-

395 3904 500 3959 tus,
537 3896 810 3947 retinuerit
842 3896 1028 3945 famam
1063 3895 1201 3944 illam
1237 3894 1449 3956 ingenii,

318 4014 334 4028 ,
394 3973 507 4023 sine
529 3973 632 4037 ullo
660 3971 1029 4035 experimento.

448 4045 1167 4110 „Seupericulhcmmndaennj
1219 4047 1351 4095 Fere
1372 4045 1448 4094 iu-

394 4122 625 4185 firmiori,
656 4120 769 4171 fere
807 4120 1004 4172 miseris
1033 4118 1450 4184 afflictisque-fa,-

397 4204 487 4249 vet
510 4197 708 4262 vulgus.
773 4196 888 4247 Liv.
908 4209 1043 4247 xm.
1059 4198 1077 4224 ⁴
1100 4195 1256 4247 Fama
1273 4209 1453 4262 eques·

1520 1635 1615 1684 tris
1672 1647 1857 1698 pugnae
1915 1633 2127 1698 vulgata
2173 1647 2267 1697 per
2304 1623 2581 1697 Graeciam,

1516 1710 1734 1760 nudavit
1779 1710 2074 1758 voluntates
2126 1707 2417 1767 hominum3
2471 1723 2577 1758 nou

1519 1785 1654 1834 euim
1700 1786 1863 1834 solum
1897 1784 1983 1848 qni
2029 1783 2194 1845 partis
2234 1781 2578 1832 Macedonum

1518 1865 1688 1920 erant,
1708 1857 1800 1906 sed
1818 1858 2049 1920 plerique
2071 1857 2368 1918 ingentibus
2393 1856 2578 1905 Roma*

1440 1949 1445 1953 ·
1518 1947 1699 1981 norum
1717 1932 1932 1994 obligati
1953 1930 2440 1994 beneficiis,quidam
2459 1931 2586 1996 vim,¹

1518 2008 1913 2072 superbiamque
1957 2007 2181 2069 experti,
2216 2008 2324 2055 laeti
2358 2020 2472 2057 eam
2503 2006 2579 2058 fa-

1518 2098 1655 2132 mam
1676 2096 1953 2146 accepere:
1977 2097 2080 2140 non
2099 2082 2167 2132 ob
2183 2084 2332 2132 aliam
2355 2097 2579 2146 causum,

1517 2172 1670 2223 quam
1695 2174 1854 2221 pravo
1876 2158 2069 2222 studio,
2092 2174 2192 2222 quo
2214 2160 2370 2209 etiam
2392 2160 2445 2208 in
2468 2153 2591 2210 'cer-³

1518 2234 1797 2284 taminibus
1813 2234 2021 2284 ludicris
2041 2237 2220 2298 vulgus
2238 2235 2419 2299 utitur,
2435 2235 2592 2287 det‘eae

1520 2309 1643 2357 riori
1663 2315 1818 2372 atque
1844 2308 2107 2359 infirmiori
2135 2309 2393 2360 favendo!
2456 2321 2464 2333 ·

1590 2381 1614 2415 ¹¹
1636 2384 1753 2433 Sine
1770 2384 2108 2447 expertimento]
2142 2386 2259 2433 Non
2277 2393 2421 2434 certe
2438 2391 2588 2449 pror-⁹
2649 2425 2654 2432 .

1525 2471 1609 2506 sus
1647 2457 1757 2506 sine
1776 2457 1966 2525 aliquo,
1989 2466 2048 2507 ut
2070 2458 2161 2508 tali
2186 2465 2359 2520 aetate,
2380 2463 2592 2525 experi-·

1528 2540 1734 2582 mento:
1769 2547 1886 2582 uam
1927 2532 2055 2582 infra
2086 2539 2168 2583 41.

1530 2626 1618 2670 se,
1646 2611 1789 2659 Nero
1824 2612 2171 2661 Britannicum
2225 2614 2447 2675 nomine,
2490 2616 2581 2665 ille

1520 2686 1809 2735 Domitium
1845 2688 2135 2736 salutavere
2156 2687 2187 2747 ;’
2219 2688 2354 2751 quod
2385 2689 2579 2740 inimici

1519 2762 1770 2811 ministris
1811 2754 1875 2810 ac'
1895 2762 2184 2811 rectoribus
2213 2777 2302 2811 seu
2335 2763 2595 2815 educato··

1521 2835 1662 2884 ribus
1684 2836 1972 2884 Britannici
1995 2835 2311 2899 tribuebant,
2333 2844 2391 2886 ut
2411 2837 2491 2888 fit.
2519 2846 2520 2855 ¹

1586 2910 1691 2959 Sed
1730 2925 1833 2959 non
1873 2912 2045 2974 potuit
2083 2912 2373 2960 rectoribus
2423 2912 2580 2963 tribui

1521 2985 1651 3033 illud
1695 2985 1731 3033 l.
1765 2997 1897 3035 1111.
1938 2987 1953 3013 ‘
1979 2986 2110 3036 Cum
2153 2987 2242 3035 ille
2282 2993 2582 3039 constanter

1522 3074 1732 3108 exorsus
1776 3066 1859 3109 est
1898 3075 2125 3121 carmen,
2166 3075 2268 3124 quo
2313 3062 2578 3114 evolutum

1519 3154 1636 3188 eum
1678 3138 1801 3188 sede
1845 3140 2033 3204 patria,
2074 3139 2328 3205 rebusque
2370 3145 2580 3194 summis

1522 3213 1947 3276 significabatur!
2033 3214 2153 3263 Jam
2206 3216 2343 3264 enim
2398 3220 2596 3268 remoti'

1523 3294 1674 3337 eraut
1711 3290 1894 3351 optimi
1935 3288 2262 3351 educatores,
2304 3296 2361 3339 et
2411 3292 2582 3343 nullus

1522 3366 1725 3429 aderat,
1757 3366 2062 3430 quiNeroni
2104 3381 2206 3415 non
2247 3366 2452 3417 omnino
2492 3368 2582 3418 ad-

1528 3443 1697 3491 dictus
1719 3451 1874 3491 esset.

1593 3517 1657 3566 ld
1681 3530 1885 3567 carmen
1923 3516 2061 3565 ultro
2104 3515 2317 3578 cecinit,
2334 3515 2493 3564 invito
2513 3518 2584 3566 ”et

1526 3593 1751 3642 maxime
1790 3592 2092 3655 indignante
2123 3591 2369 3650 Nerone3
2403 3584 2595 3655 sicque?

1484 3716 1491 3733 ,
1529 3667 1748 3733 promsit
1769 3669 1783 3695 ⁴
1809 3667 2050 3728 indolem,
2069 3670 2167 3715 ὅτε.
2192 3679 2293 3730 quo
2317 3668 2490 3715 tamen
2512 3665 2587 3716 fa-

1530 3754 1708 3790 vorem
1729 3740 1836 3790 late
1860 3739 2131 3806 quaesivit!

1594 3818 1720 3866 Vult
1756 3818 1877 3867 Tac.
1920 3816 2116 3864 nullum
2157 3815 2293 3864 forte
2347 3814 2443 3877 sni,
2469 3812 2598 3864 ·aut'

1529 3894 1675 3942 certe
1727 3892 1846 3941 leve
1899 3892 2308 3955 experimentum
2361 3889 2594 3954 dedisse,

1526 3980 1699 4032 neque
1737 3967 1794 4016 id
1830 3969 1998 4030 palam
2038 3974 2126 4016 aut
2163 3968 2218 4016 iu
2261 3967 2582 4031 Republica:

1526 4043 1667 4108 quod
1705 4043 1968 4110 praecipue
2001 4043 2338 4108 requirebant
2374 4041 2428 4090 in
2464 4043 2614 4093 edm·

1525 4117 1825 4173 lesceutulis
1879 4119 1947 4170 ad
1990 4119 2277 4185 principale
2320 4116 2585 4182 fastigium

1530 4193 1820 4245 destinatis.

2201 2536 2217 2563 ‘
2245 2535 2403 2585 Obvii
2441 2538 2583 2588 inter
2647 2564 2659 2573 ›
