3100 4925
2450 447 2627 521 1293

418 623 923 710 provincialium
952 625 1326 703 contractiS,
1357 631 1674 708 tanquam
1701 627 2201 708 recuperaturus
2221 621 2626 707 Armeniam,

415 729 573 793 dum
599 728 823 793 socios
851 727 1088 808 magiS,
1112 745 1312 809 quam
1339 727 1562 791 hostes
1593 725 1957 809 praedatur,
1978 727 2302 791 abscessu
2330 745 2624 808 suorum,

420 837 486 896 et
513 830 1006 894 incursantibus
1033 829 1364 906 barbariS,
1395 828 1701 911 praesidii
1730 847 1953 910 egenS,
1984 828 2070 893 ad
2107 828 2630 901 Rhadamistum

419 933 636 997 venit-2
682 931 1006 1014 donisque
1057 930 1206 1014 ejus
1267 931 1547 1008 evictus,
1601 931 1776 995 ultro
1804 936 1825 965 ‘
1857 930 2149 1014 Regium
2208 932 2459 1015 insigne
2518 952 2632 997 su-

413 1032 610 1098 mere'
679 1034 1077 1110 cohortatur,
1152 1034 1562 1117 sumentique
1632 1033 1825 1098 adest
1882 1039 2114 1097 auctor
2171 1037 2239 1096 et
2297 1036 2626 1101 satelles!

419 1132 626 1212 Quod
671 1137 790 1199 ubi
832 1138 1009 1219 turpi
1035 1136 1215 1200 fama
1263 1119 1699 1217 divulgatum,
1727 1155 1813 1197 ne
1862 1137 2067 1201 ceteri
2094 1155 2360 1219 quoque
2386 1157 2474 1201 ex
2496 1137 2628 1203 Pe·

416 1235 622 1318 ligno!
679 1238 1280 1321 conjectarentur,4·
1311 1234 1679 1299 Helvidius
1725 1236 2052 1315 PriscuS,¹
2093 1237 2406 1320 LegatuS,
2469 1259 2625 1306 cum

413 1336 700 1420 legionea
719 1339 1015 1415 mittitur,
1045 1339 1240 1403 rebus
1269 1335 1551 1401 turbidis
1603 1355 1728 1418 pro
1774 1341 2069 1420 tempore
2112 1342 2187 1401 ut
2234 1341 2626 1409 consuleret.

413 466 468 519 J.
492 467 552 519 c.
576 465 687 531 ει]
1149 459 1563 512 summum
1613 461 1761 511 ms.
1795 460 1936 509 xu.

419 1523 622 1574 collectis
642 1523 788 1588 copiis
808 1523 1059 1582 sociorum,
1077 1522 1213 1586 quasi
1236 1521 1563 1571 vindicaturus
1586 1526 1726 1571 esset
1747 1519 2040 1584 Armeniam,
2058 1523 2170 1571 dum
2204 1522 2433 1583 subiectos
2468 1524 2628 1587 potius

419 1603 559 1652 quam
580 1590 732 1637 hostes
744 1590 1015 1651 populatur,
1037 1589 1247 1636 desertus
1267 1587 1297 1634 d
1318 1586 1432 1648 suis,
1458 1590 1504 1635 et
1533 1585 1859 1633 invadentibus
1894 1585 2124 1645 barbaris,
2145 1588 2316 1635 auxilii
2347 1588 2499 1650 inops,
2523 1601 2630 1636 con-

409 1653 549 1715 fugit
590 1654 653 1701 ad
687 1652 1081 1701 Rhadcnustum:
1110 1651 1465 1714 muneribusque
1504 1649 1608 1708 eius
1647 1654 1913 1713 corruptus,
1932 1651 2062 1698 ultro
2101 1652 2342 1714 accipere
2385 1651 2629 1703 diadema

419 1717 617 1780 regium
632 1716 863 1779 compellit
881 1733 900 1774 ,⁰
931 1716 1270 1779 accipientique
1282 1715 1420 1763 'adest
1440 1716 1674 1762 consultor
1695 1719 1741 1762 et
1759 1714 1997 1762 minister.
2067 1714 2204 1768 Quod
2241 1720 2486 1778 postquam
2493 1714 2629 1775 foedo

418 1795 602 1831 rumore
621 1781 907 1844 publicatum
928 1790 1026 1840 est,
1046 1794 1104 1828 ne
1133 1779 1281 1828 ceteri
1310 1781 1454 1827 etiam
1480 1777 1698 1826 Romani
1722 1792 1783 1826 ex
1816 1779 2005 1840 ingenio
2031 1778 2223 1839 Peligni
2260 1781 2629 1839 oestimarentur,

420 1845 633 1896 mittitur
657 1845 911 1895 Helvidius
936 1845 1126 1894 Priscus
1154 1842 1408 1908 pragsectus
1428 1857 1531 1890 cum
1554 1842 1756 1904 legione,
1778 1846 1834 1891 ut
1854 1841 1992 1891 rebus
2012 1843 2220 1892 turbatis
2240 1848 2353 1893 tunc
2368 1859 2457 1907 pro
2478 1856 2632 1894 neees-

1339 1977 1694 2000 “emmae“

484 2064 517 2108 4
550 2059 797 2108 Eruditus
819 2058 1071 2109 Petavius
1095 2055 1447 2109 arbitrabatur
1485 2052 1626 2104 forte
1668 2051 2068 2117 emendandum,
2087 2069 2146 2102 ne
2183 2052 2331 2103 ceteri
2367 2068 2545 2117 quoque
2566 2069 2628 2103 ex

423 2123 621 2185 Peligno
635 2124 1038 2186 contingerentur,
1067 2122 1122 2171 id
1145 2129 1249 2183 est,
1266 2126 1466 2181 contage
1492 2123 1808 2168 tentarentur.
1873 2116 1952 2168 At
1972 2118 2025 2168 id
2059 2133 2090 2168 a
2127 2117 2378 2169 librorum
2401 2119 2627 2175 omnium

419 2189 682 2252 scriptura
697 2188 944 2238 remotius
966 2187 1189 2243 videtur.
1220 2185 1440 2237 Brotier.
1479 2188 1482 2195 ‘

1409 2295 1628 2348 NOTAE

487 2419 514 2446 ¹
542 2413 727 2465 Auctor
766 2419 815 2465 et
849 2413 1059 2478 satelles]
1114 2412 1391 2466 Consilium
1425 2418 1480 2462 et

421 2502 635 2554 operam
667 2505 809 2540 suam
851 2495 1070 2555 praestat
1112 2488 1312 2540 sceleri.
1378 2489 1480 2537 Pe·

418 2566 589 2630 lignus
631 2569 1078 2632 consultoremque
1101 2573 1159 2618 et
1191 2566 1479 2618 ministrum

423 2657 479 2692 se
502 2642 656 2693 offert
676 2643 896 2709 flagitii:
932 2651 986 2694 et
1001 2645 1228 2696 *videtur
1248 2645 1332 2694 hic
1354 2643 1478 2694 allu-

422 2718 547 2768 dere
562 2720 778 2770 Tacitus
797 2719 862 2768 ad
881 2720 1148 2784 principes
1161 2721 1309 2770 Rom.
1321 2719 1480 2783 ipsos,

422 2794 514 2858 qui
555 2808 705 2859 reges
749 2794 1010 2844 Armeniae
1052 2794 1345 2845 diademate
1400 2808 1480 2844 re-

423 2869 695 2920 vinxerunt
716 2869 864 2922 alias-

487 2947 558 2996 Et
577 2946 789 2997 satirice
811 2948 982 3011 carpit
1001 2949 1154 2998 talem
1191 2950 1481 2999 ministrum

423 3023 670 3087 criminis,
685 3030 741 3073 et
774 3024 1019 3074 infamem
1058 3025 1217 3089 regiae
1254 3024 1481 3076 libidinis

421 3087 857 3166 immanitatis'que
900 3101 1197 3166 satellitem,
1239 3102 1332 3166 qui
1371 3107 1483 3152 tan-

422 3192 573 3241 quam
605 3193 786 3240 novus,
807 3183 865 3227 et
901 3182 1119 3241 repente
1156 3183 1366 3226 exortus
1380 3177 1481 3225 ⁴Su-

421 3267 567 3316 rena,
608 3254 919 3303 scelerosum
973 3252 1117 3301 illum
1160 3266 1354 3315 regem,
1385 3266 1481 3315 per

421 3344 673 3379 summum
711 3327 982 3392 flagitium,
1010 3327 1196 3391 insigni
1227 3329 1369 3393 regio
1401 3343 1481 3379 re-

423 3404 710 3465 vinxisset3
744 3412 801 3455 et
840 3405 928 3470 qui
960 3418 1017 3454 se
1053 3404 1199 3468 quasi
1222 3405 1482 3454 Caesarem

423 3479 604 3545 ferret,
641 3481 803 3531 veluti
841 3494 1053 3530 securus
1103 3480 1396 3543 majestatis
1425 3487 1481 3530 et

421 3554 643 3619 imperii.
1185 3611 1190 3618 ,

487 3639 511 3674 5
545 3632 626 3681 Ne
662 3633 806 3681 ceteri
838 3648 1012 3696 quoque
1048 3647 1111 3683 ex
1135 3632 1361 3695 Peligno]
1398 3633 1478 3683 Ne

422 3706 490 3756 de
513 3708 735 3773 Peligno
756 3709 1052 3773 conjectura
1074 3710 1127 3758 in
1150 3710 1274 3759 alios
1296 3709 1477 3760 fieret:

421 3798 491 3833 ne
515 3785 859 3835 Romanorum
881 3786 989 3849 alii,
1008 3787 1194 3850 quibus
1224 3800 1480 3836 armorum

415 3859 524 3923 jus,
544 3861 588 3908 si
613 3861 963 3925 quiescerent,
985 3862 1275 3925 approbare
1304 3861 1480 3925 Pelig-

422 3936 479 3984 ni
498 3934 699 3986 facinus
720 3944 777 3986 et
802 3945 969 3988 ratum
990 3939 1186 3988 habere
1205 3938 1480 3992 crederen-

421 4019 534 4070 tur..
613 4014 830 4064 Tenent.
879 4014 1071 4065 Heant.
1109 4029 1194 4064 ιιι.
1236 4019 1285 4064 8.
1325 4018 1341 4043 ‘
1366 4017 1478 4079 Ego

422 4090 492 4139 de
532 4106 616 4144 me
655 4093 1015 4155 conjecturam
1052 4091 1225 4142 facio!
1299 4093 1481 4142 Grono-

399 4182 541 4218 mnus.

486 4250 508 4276 ¹
541 4243 800 4308 Helvidius
835 4244 1054 4307 Priscus]
1088 4245 1264 4295 Decus
1284 4244 1477 4294 Stoicae

421 4318 713 4386 sapientie,
734 4319 892 4371 decus
913 4320 1134 4374 virtutis,
1150 4322 1300 4372 Rom.
1321 4320 1479 4374 Thra-

1564 2424 1667 2464 seae
1707 2423 1888 2475 gener,
1911 2413 1969 2459 et
2001 2414 2249 2474 quantum
2289 2413 2515 2459 mutatus
2559 2410 2626 2463 ab

1560 2488 1653 2538 illo
1671 2487 1894 2554 Peligno
1914 2487 2183 2552 probroso,
2197 2501 2392 2552 seui-m,
2415 2501 2628 2555 copres,

1559 2562 1791 2627 flagitio!
2010 2629 2013 2633 ,

1625 2639 1690 2688 In
1726 2640 1825 2689 hoc
1849 2639 1915 2691 de
1942 2639 2198 2690 industria
2217 2639 2400 2690 missus
2424 2640 2488 2690 ad
2512 2640 2628 2694 oti-

1561 2719 1737 2766 entem
1760 2714 2032 2764 Helvidius
2055 2714 2284 2778 Priscus,
2314 2722 2372 2763 ut
2408 2730 2473 2763 ex
2510 2717 2624 2779 ejus

1559 2789 1759 2839 virtute
1793 2789 2030 2838 Romana
2050 2789 2253 2852 ingenia
2276 2796 2625 2852 notescerent,

1561 2871 1619 2916 et
1638 2879 1706 2915 ne
1730 2880 1797 2914 ex
1819 2865 2022 2927 Peligno
2051 2864 2199 2913 ceteri
2222 2865 2372 2915 Rom.
2393 2863 2624 2925 conjecto-

1558 2948 1742 2993 rentur.

1625 3025 1648 3051 ⁸
1679 3018 1893 3080 Legatus
1927 3033 2034 3066 cum
2071 3015 2273 3080 legione]
2306 3016 2392 3065 Ne
2432 3015 2625 3066 intelli-

1558 3106 1667 3157 gas,
1688 3093 1985 3142 Helvidium
2005 3092 2159 3142 fuisse
2182 3094 2390 3154 legatum
2427 3093 2627 3154 legionis

1561 3175 1794 3220 tantum:
1832 3168 1934 3219 fuit
1956 3170 2151 3234 quippe
2173 3170 2358 3229 legatus
2372 3167 2626 3230 absolute,

1562 3261 1653 3296 seu
1669 3251 1952 3310 propi-ceter,
1967 3245 2054 3309 qui
2079 3250 2327 3308 praeesset
2343 3257 2444 3291 non
2461 3243 2625 3296 solum

1560 3323 1754 3386 legioni
1776 3337 1927 3385 quam
1967 3336 2139 3370 secum
2160 3319 2386 3368 ducebat
2409 3328 2466 3369 et
2486 3320 2623 3383 lega-

1563 3405 1618 3447 to
1636 3397 1871 3461 legionis,
1892 3396 1982 3443 sed
2015 3401 2070 3444 et
2092 3394 2253 3457 copiis
2276 3401 2333 3444 et
2354 3392 2621 3457 praefectis

1563 3472 1901 3523 auxiliarium.

1625 3550 1784 3598 Forte
1807 3547 1955 3595 simul
1990 3554 2045 3595 et
2069 3546 2373 3610 quibusdam
2403 3544 2624 3595 cohorti·

1561 3626 1658 3677 bus
1698 3625 1964 3685 Romanis,
2000 3631 2054 3674 et
2089 3624 2183 3672 alis
2215 3622 2470 3686 equit-um,
2503 3637 2621 3686 quae

1561 3703 1773 3752 seorsim
1810 3717 1841 3751 a
1873 3701 2161 3766 legionibus
2188 3706 2445 3748 mererent
2467 3700 2521 3748 in
2541 3699 2621 3749 his

1562 3777 1859 3842 regionibus
1881 3793 1894 3825 x
1931 3786 2021 3826 aut
2042 3777 2086 3825 si
2119 3775 2219 3824 fuit
2243 3776 2441 3837 legatus
2464 3776 2624 3839 legio-

1561 3853 1662 3914 nis,
1685 3861 1791 3902 tum
1816 3851 2061 3914 majorem
2092 3853 2265 3915 legato
2292 3857 2623 3913 potestatem,

1564 3935 1619 3978 et
1641 3928 2102 3977 extraordinarium
2128 3928 2395 3991 imperium
2418 3918 2619 3978 habuit.

1627 4006 1844 4068 Dubito,
1884 4020 1949 4054 an
2001 4004 2272 4053 Helvidius
2332 4005 2512 4051 missus
2554 4016 2620 4051 ex

1559 4082 1689 4132 urbe
1723 4082 1777 4130 in
1806 4081 2078 4131 Orientem
2102 4072 2296 4129 fuerit:
2333 4081 2504 4143 potius
2526 4094 2623 4143 pu-

1561 4164 1683 4221 tem,
1707 4164 1813 4206 tum
1856 4158 2099 4208 militasse
2139 4172 2186 4204 m
2220 4157 2382 4218 Syria,
2398 4162 2455 4205 et
2487 4151 2622 4205 forte

1561 4234 1753 4297 legioni
1791 4231 2061 4296 praefuisse
2099 4233 2347 4295 legatum,
2369 4226 2451 4284 vel
2492 4246 2624 4294 prae-

1560 4307 1757 4361 fectum
1799 4316 2104 4379 castrorum,
2141 4315 2234 4358 aut
2270 4309 2386 4358 loco
2440 4306 2621 4372 legati.
