3100 4925
489 391 666 459 1506

1202 406 1269 456 0.
1314 403 1676 486 091311131011
1724 400 1978 453 ‘mom

2372 407 2462 475 [Α.
2484 410 2554 463 n.
2573 414 2695 461 exo.

486 545 998 619 inoverenfia'm‘
1029 567 1125 616 eo
1171 548 1577 634 prorupisse,
1615 546 2077 627 frementibus,
2118 551 2141 584 ‘
2159 546 2231 613 vi
2277 566 2384 626 ne,
2434 555 2549 613 an5
2592 568 2687 616 se·

1405 743 1731 764 “evome“
1735 744 1766 763 O

484 865 580 908 -5
621 859 689 908 Ut
708 874 839 922 oequo
871 875 976 908 cnm
995 860 1208 923 patronis
1223 858 1352 920 jure.
1417 858 1505 908 Sic
1530 857 1780 918 Brotier„
1802 857 1989 908 omisso
2010 858 2119 908 viae
2138 875 2217 909 un.
2286 859 2350 908 In
2373 858 2684 910 editionibus

487 923 767 985 veteribus,
794 924 902 972 vine
932 939 994 972 un
1018 940 1145 988 oequo
1166 938 1269 972 enm
1306 923 1520 986 patronis
1533 924 1651 984 jure
1680 928 1915 985 afferant.-
1945 924 2226 973 senteutt‘am
2260 939 2417 973 eornm
2458 939 2484 972 e

2595 926 2685 973 lta-

482 993 589 1037 rent
606 1005 623 1038 .·
653 1003 710 1037 ac
730 983 999 1037 verberibus
1033 1002 1200 1038 manas
1235 988 1360 1036 ultro
1392 988 1691 1038 intenderent
1706 1006 1723 1038 .-
1755 988 1980 1051 impnlere
2015 990 2088 1037 vel
2111 1004 2300 1052 pomam
2333 1003 2469 1037 mn
2494 989 2686 1037 ‘dissua-

482 1054 660 1104 ames.
725 1054 866 1102 Nihil
891 1053 1082 1117 juvant
1098 1053 1225 1101 Mss.
1251 1067 1419 1116 aeque,
1443 1054 1522 1100 vel
1546 1053 1730 1116 magis,
1768 1053 2020 1117 corrupti.
2086 1053 2492 1106 observaverim
2509 1058 2683 1102 tamen

483 1118 538 1166 in
563 1119 663 1167 Ms.
699 1118 812 1168 Jes.
835 1132 929 1181 pro
963 1117 1243 1166 sententiam
1271 1117 1372 1179 legi
1390 1117 1643 1166 sententia.
1709 1116 1774 1166 In
1818 1117 1923 1169 Ms.
1944 1116 2104 1168 Corb.
2143 1132 2237 1181 pro
2268 1118 2513 1181 impulere,
2532 1118 2682 1181 impa-

481 1183 639 1243 dente,
662 1188 728 1231 et
762 1182 814 1229 in
837 1182 941 1232 Mn.
967 1180 1098 1244 Agr.
1134 1183 1443 1245 §nipedes-tes.
1509 1182 1707 1245 Magna
1742 1181 1864 1231 inde
1901 1183 2321 1246 conjecturarum
2357 1183 2462 1231 vis:
2499 1182 2684 1245 preci-

483 1260 615 1308 puas
640 1247 875 1295 retulisse
896 1246 966 1295 sit
1003 1246 1148 1296 satis.
1215 1246 1441 1309 Lipsius,
1475 1250 1532 1294 nt
1552 1245 1663 1305 jam
1683 1260 1769 1296 nec
1801 1261 1932 1311 aquo
1955 1262 2060 1296 cnm
2091 1246 2309 1310 patronis
2332 1247 2449 1306 jure
2468 1253 2683 1307 agerent.

484 1311 735 1360 Sententia
755 1326 914 1360 eornm
932 1311 1206 1373 cmmdtnri,
1225 1325 1288 1358 un
1308 1309 1577 1359 verberibus
1592 1325 1759 1360 mus
1788 1315 1914 1361 ultro
1935 1311 2247 1375 intenderent,
2282 1312 2470 1375 impune
2500 1312 2576 1360 nel
2591 1326 2687 1375 με·

1481 1450 1694 1502 NOTAE

482 1564 655 1628 plures
678 1577 891 1613 numero
911 1568 1103 1626 patres,
1140 1561 1229 1634 qui
1252 1560 1547 1612 sentiebant

483 1639 612 1688 nihil
636 1653 752 1689 esse
790 1639 1143 1704 derogandum
1185 1639 1238 1688 in
1275 1653 1545 1692 commune

476 1716 589 1778 juri
611 1716 933 1780 libertorum,
956 1724 1010 1767 et
1039 1717 1281 1767 videntur
1304 1719 1542 1768 consules

478 1792 699 1856 illorum,
717 1800 775 1841 ut
793 1794 945 1858 louge
967 1794 1321 1858 plurimorum,
1337 1807 1550 1843 consen-

484 1886 596 1921 sum
617 1871 981 1936 perscripsisse
1003 1872 1220 1923 Neroni.

548 1949 688 1998 Nam
731 1948 940 2012 quidam
979 1953 1184 1999 tantum
1222 1946 1469 2012 fremunt,
1489 1954 1547 1999 et

483 2025 770 2088 queruntur
790 2023 857 2073 de
869 2024 1213 2075 irreverentia
1221 2023 1545 2085 libertorum,

481 2106 538 2149 et
556 2099 645 2147 alii
660 2113 837 2148 omnes
853 2099 1235 2163 contradicunt,
1251 2115 1354 2150 non
1372 2105 1545 2150 tamen

479 2179 666 2224 censent
704 2175 951 2239 proprie:
983 2176 1102 2241 quia
1140 2175 1373 2240 incipere
1410 2177 1544 2225 rela-

481 2250 672 2300 tionem
694 2249 799 2300 non
818 2250 928 2301 ausi
946 2252 1201 2303 consules.

546 2326 769 2378 Quinam
805 2326 967 2378 fuerit
1000 2329 1088 2378 ille
1124 2343 1417 2391 consensus,
1437 2344 1541 2379 non

480 2408 659 2469 potest
679 2405 803 2468 dici,
819 2419 917 2454 nec
940 2407 1067 2456 satis
1086 2407 1286 2457 indicat
1299 2406 1509 2457 Tacitus
1525 2422 1542 2456 :-

482 2488 539 2531 et
560 2482 845 2531 sententias
868 2489 1073 2546 patrum
1102 2484 1240 2533 inter
1258 2497 1314 2532 se
1331 2490 1543 2533 eonten-

480 2556 607 2606 dere
626 2564 682 2606 et
704 2560 1031 2607 committere
1055 2559 1233 2623 voluit,
1256 2566 1311 2609 et
1328 2574 1540 2623 suspeu-

480 2646 594 2682 sum
612 2639 975 2697 attentumque
992 2633 1215 2683 animum
1237 2635 1446 2684 lectoris
1464 2636 1540 2686 sic

480 2707 725 2772 retinere,
754 2723 919 2774 usque
960 2709 1014 2759 in
1058 2714 1301 2760 eventum
1339 2709 1447 2760 litis
1483 2716 1541 2761 et

473 2782 863 2835 coutroversiae.

541 2860 646 2911 sed
668 2862 918 2927 quicquid
949 2868 1218 2913 censerent
1246 2861 1322 2911 illi
1343 2868 1542 2927 patres,

479 2937 728 3003 quicquid
763 2938 1085 2988 consentiret
1113 2944 1340 3000 senatus,
1364 2944 1539 2989 tamen

476 3018 687 3062 maneat
708 3019 927 3076 certum,
943 3013 1081 3078 quod
1106 3027 1188 3062 res
1199 3018 1400 3062 tantum
1418 3028 1536 3077 pro·

476 3088 650 3153 posita
682 3095 736 3138 et
771 3087 1008 3151 flagitata
1042 3089 1095 3136 in
1131 3094 1311 3138 senatu
1346 3087 1538 3154 fuerat,

476 3165 617 3232 quod
662 3180 771 3215 rem
807 3180 908 3215 non
956 3166 1226 3216 retulerint
1279 3170 1536 3233 consules,

478 3240 616 3307 quod
634 3242 916 3291 sententias
949 3256 1049 3291 nou
1073 3242 1305 3292 dixerint
1338 3250 1534 3307 patres,

476 3316 579 3366 rite
616 3322 672 3366 et
692 3316 910 3378 ordine,
944 3326 1002 3367 et
1040 3324 1210 3368 tamen
1231 3333 1539 3370 consensum

476 3400 685 3444 senatus
706 3394 1055 3458 perscripsere
1076 3396 1294 3446 Neroni.

548 3468 616 3519 Ut
635 3470 764 3520 inter
782 3485 955 3534 paucos
974 3475 1022 3520 et
1040 3473 1287 3521 sententia
1296 3471 1536 3535 adversos]

475 3545 665 3596 Sensus
701 3554 815 3597 est:
851 3544 1309 3614 Efflagitatumque
1346 3555 1408 3599 nt
1446 3549 1536 3599 ad·

477 3636 655 3673 versus
677 3636 850 3672 servos
883 3624 1018 3673 male
1040 3625 1256 3676 meritos
1290 3641 1536 3677 revocan-

477 3697 558 3749 ‹1ae
579 3697 837 3749 libertatis
862 3700 953 3763 jus
983 3700 1065 3763 iis,
1109 3703 1198 3766 qui
1233 3703 1535 3752 manumise-

474 3781 608 3838 rant,
623 3773 854 3824 daretur.
891 3776 943 3824 N
946 3789 1007 3826 ec
1021 3776 1236 3827 deerant
1249 3785 1534 3839 senatores,

477 3848 643 3914 quiin
672 3857 945 3914 utramque
981 3858 1182 3915 partem
1221 3853 1534 3903 sententiam

474 3922 786 3990 proferrent.
849 3926 952 3976 Sed
983 3929 1216 3977 consules
1233 3928 1533 3978 relationem

474 3998 721 4063 incipere,
748 4014 918 4065 neque
943 4003 1443 4052 senatusconsultum
1465 4002 1535 4052 fa·

475 4090 594 4124 cere
627 4076 738 4126 ausi
772 4077 1062 4127 inconsulto
1099 4077 1375 4144 principe;
1417 4088 1561 4144 per·'

473 4153 728 4216 scripsere
770 4159 943 4202 tamen
963 4154 1039 4203 illi
1089 4168 1392 4204 consensum
1444 4171 1532 4220 pa-

476 4236 628 4292 trum,
643 4235 699 4278 ut
719 4229 808 4279 ille
823 4230 1011 4280 'auctor
1026 4229 1427 4297 constitutionis,
1442 4226 1534 4305 seu

1622 1561 2059 1612 senatusconsulti
2093 1559 2265 1624 fleret,
2288 1567 2345 1612 et
2389 1566 2682 1610 controver-

1624 1638 1750 1687 siam
1772 1637 1913 1686 illam
1943 1637 2229 1700 dirimeret,
2265 1644 2509 1701 tanquam
2548 1635 2684 1685 inter

1623 1728 1836 1779 paucos,
1875 1721 1930 1766 et
1960 1715 2098 1780 ipsos
2121 1716 2396 1766 sententiae
2430 1714 2683 1768 communi

1622 1800 1830 1858 patrum
1845 1792 2088 1844 adversos
2107 1811 2122 1856 ;
2144 1793 2446 1860 quibusdam
2470 1794 2683 1844 Patrum

1624 1869 1963 1920 frementibus
2001 1870 2506 1935 indignantibusque,
2541 1868 2683 1919 coali-

1623 1952 1726 1997 tam
1745 1954 2055 2012 auctamque
2093 1948 2253 1997 nimia
2269 1948 2490 2001 libertem
2509 1948 2685 1998 irreve-

1623 2024 1829 2073 rentium
1869 2023 2157 2084 libo-tm,
2196 2037 2260 2071 eo
2302 2036 2462 2088 nsque
2503 2036 2683 2087 proru-

1627 2098 1786 2162 pisse,
1827 2106 1887 2148 ut
1923 2099 2083 2149 etiam
2121 2101 2433 2149 sententiam
2458 2107 2685 2162 patrum,

1625 2188 1719 2223 seu
1742 2180 2090 2238 patronorum,
2123 2175 2260 2240 quod
2281 2173 2395 2225 fere
2427 2174 2566 2223 idem
2587 2182 2687 2238 est,

1625 2252 2003 2313 consultarent,
2041 2250 2362 2312 dubitantes,
2398 2264 2463 2299 an
2510 2250 2584 2312 vi,
2612 2264 2685 2300 an

1623 2339 1773 2389 aeqno
1783 2325 1906 2388 jure
1920 2340 2038 2376 cum
2059 2327 2291 2391 patronis
2310 2326 2415 2375 suis
2435 2334 2646 2390 agerent
2663 2341 2679 2387 ς

1624 2403 1782 2464 atque
1819 2399 1979 2450 etiam
2011 2401 2316 2452 verberibus
2348 2410 2556 2466 paratas
2578 2416 2682 2451 ma-

1622 2490 1717 2525 nus
1755 2478 1892 2527 ultro
1925 2477 2261 2530 intenderent
2295 2478 2478 2529 iisdem
2511 2485 2685 2544 patro·

1621 2553 1722 2615 nis,
1758 2552 2153 2617 impellerentve
2192 2554 2332 2616 illos,
2364 2555 2439 2604 sic
2477 2568 2686 2620 poenam

1622 2643 1763 2679 suam
1787 2629 2160 2682 dissuadentes.

1684 2711 1711 2739 ⁸
1743 2706 2134 2771 Ineter-entiam]
2178 2707 2380 2771 Ingrati
2401 2715 2459 2759 et
2488 2708 2681 2759 irreve-

1619 2787 1795 2833 rentes
1830 2783 1886 2832 in
1923 2791 2172 2847 patronos
2207 2784 2471 2836 libertiex
2490 2786 2681 2837 indole

1621 2872 1731 2921 sua,
1789 2864 1843 2907 et
1901 2859 2108 2921 ingenio
2156 2860 2362 2922 servili3
2416 2862 2498 2911 vel
2559 2862 2684 2928 qnia

1620 2934 1780 2984 etiam
1820 2935 1983 2984 tacite
2026 2933 2353 3000 fovebantur,
2395 2936 2532 2988 forte
2574 2952 2678 2988 non

1617 3009 1817 3059 directe
1838 3024 1871 3057 a
1899 3008 2157 3073 principe,
2193 3013 2286 3060 sed
2323 3026 2353 3061 a
2376 3013 2683 3078 potentiori»

1616 3087 1713 3136 bus
1752 3087 1883 3136 aulae
1924 3086 2158 3149 libertis3
2195 3102 2313 3137 nam
2348 3104 2528 3140 manus
2571 3104 2685 3139 ma·

1616 3176 1738 3212 num
1758 3163 1939 3224 lavat;
1975 3164 2057 3213 vel
2099 3165 2218 3228 quia
2253 3167 2485 3229 opulenti
2524 3166 2599 3215 illi
2623 3172 2681 3217 et

1616 3239 1805 3289 divites
1842 3239 2040 3303 liberti,
2060 3248 2121 3290 ut
2142 3247 2325 3292 actores
2359 3257 2564 3307 nempe,
2585 3242 2681 3292 seu'

1613 3320 1942 3379 procuratores
1958 3323 2310 3379 patronorum.
2346 3319 2501 3369 Unde
2519 3319 2681 3368 maxi-

1618 3406 1731 3441 mus
1753 3392 1818 3440 ad
1839 3392 1982 3456 ipsos
2002 3399 2228 3456 questus
2257 3395 2616 3457 perveniebat.

1681 3469 1782 3518 Vel
1818 3468 1940 3534 quia
1982 3469 2190 3533 patroni
2220 3470 2344 3534 ipsis
2377 3471 2445 3520 ad
2478 3469 2680 3536 flagitia

1613 3545 1884 3597 libidinum
1908 3552 1964 3596 et
2005 3546 2071 3596 ad
2116 3545 2217 3596 alia
2237 3549 2438 3597 seelera
2459 3549 2679 3599 uteban-

1614 3612 1717 3685 tur,
1739 3637 1955 3687 quornm
1993 3624 2187 3672 conscii
2230 3624 2331 3688 ipsi
2354 3633 2536 3689 postea
2571 3641 2677 3676 me-

1617 3698 1896 3748 tuebantur
1936 3713 1966 3746 a
1999 3700 2251 3763 patronis,
2285 3707 2341 3749 et
2386 3701 2502 3765 ipsa
2534 3700 2680 3751 fami-

1613 3773 1841 3824 liaritate
1884 3781 1974 3824 aut
1996 3775 2247 3843 societate
2278 3775 2588 3840 flagitiorum
2619 3779 2676 3829 in
2708 3784 2715 3789 ’

1612 3849 1750 3914 ipsos
1803 3851 2038 3903 dominos
2094 3859 2443 3918 patronosque
2494 3855 2715 3907 abate-⁸

1613 3926 1818 3979 bantur.
2705 3932 2713 3939 “

1678 4004 1821 4053 Nihil
1855 4003 2014 4069 igitur
2049 4004 2252 4070 mirum,
2288 4005 2332 4056 si
2365 4008 2673 4074 quandoque
2709 4010 2715 4015 ’

1612 4094 1792 4130 manus
1840 4081 2198 4145 intenderent,
2258 4082 2313 4133 id
2352 4090 2452 4146 est,
2506 4084 2675 4134 minas

1590 4155 1886 4206 ,verberum
1903 4156 2238 4207 intentarent.
2307 4160 2555 4211 Intendere
2575 4176 2675 4211 ma·

1613 4245 1702 4281 uns
1715 4231 1817 4295 hic,
1838 4240 1920 4282 est
1944 4233 2058 4315 illas
2088 4235 2349 4315 attollere,
2371 4236 2514 4300 quasi
2538 4237 2675 4317 jam-
