3100 4925
505 362 685 432 1426

1217 369 1306 445 ‚m
1333 378 1533 446 ‚conis
1548 377 1699 428 sm
1747 377 2003 442 nom

2382 384 2571 451 [Am.
2592 390 2711 442 sus.

1493 589 1717 647 1101·AE

508 734 818 786 Plutarchus
841 740 896 786 et
919 733 1186 800 Appiauus
1209 735 1422 786 trudunt
1444 734 1569 785 Dic-

508 813 670 863 tatori
700 810 858 862 fuisse
879 812 1063 876 viginti
1095 817 1315 876 quatuor
1333 810 1569 870 lictores,

508 888 693 951 quibus
745 895 1000 952 repugnat
1053 888 1295 950 Epitome
1350 886 1484 937 Livii
1528 887 1567 934 1.

500 978 743 1034 ⁴tarxxlx.
773 967 791 996 ‘
812 968 955 1032 Sylla
976 968 1199 1030 dictator
1219 966 1405 1027 factus,
1429 961 1569 1032 qu'od

496 1047 662 1091 ”nemo
697 1042 904 1106 quidem
938 1057 1161 1107 unquam
1201 1041 1421 1103 fecerat,
1451 1055 1570 1091 cum

508 1115 733 1167 fascibus
752 1118 938 1181 viginti
957 1125 1175 1183 quatuor
1197 1116 1478 1182 processit!

574 1192 901 1243 Probabilius
940 1197 1037 1255 est,
1058 1192 1371 1256 processisse
1407 1192 1570 1241 dicta-

508 1271 678 1318 torem
718 1259 900 1316 eod'em
944 1273 1217 1331 apparatu,
1260 1281 1362 1331 quo
1397 1267 1570 1329 Reges

509 1343 635 1392 olim
659 1358 678 1392 s
711 1348 766 1391 a't
787 1343 861 1391 illi
894 1348 1094 1392 tantum
1128 1341 1419 1391 habueruut
1441 1339 1568 1390 duo·

510 1417 677 1467 decim
703 1417 942 1477 lictores;
976 1422 1031 1466 et
1067 1416 1180 1479 ipse
1211 1416 1440 1465 dictator
1460 1430 1568 1464 non

507 1492 691 1542 habuit
744 1492 1032 1556 imperium,
1078 1490 1175 1541 nisi
1230 1492 1433 1553 Regum,
1475 1498 1568 1540 aut

507 1582 629 1626 mox
663 1570 917 1618 consulam.
980 1567 1055 1617 At
1096 1567 1199 1631 ipsi
1230 1567 1485 1629 consules,
1511 1566 1567 1614 in

507 1643 696 1709 quibus
736 1650 911 1693 tamen
950 1657 1200 1693 summum
1240 1642 1565 1705 Reipublicae

506 1705 1106 1782 imperium,habuerunt
1137 1722 1338 1765 tantum
1372 1716 1565 1765 duode-

508 1794 607 1843 cim
644 1794 876 1855 lictores,
900 1808 993 1842 sua
1026 1793 1160 1855 vice,
1199 1797 1258 1842 et
1294 1805 1386 1841 suo
1417 1792 1562 1841 locos

507 1883 695 1934 nempe
732 1870 926 1935 primus
958 1871 1139 1919 consul
1173 1868 1340 1932 primo
1374 1881 1570 1932 mense,

504 1951 563 1995 et
577 1946 658 1995 'sic
681 1944 863 1998 ordine
886 1935 1106 1994 alterno.

515 2029 520 2034 ‘
538 2015 542 2022 ’
569 2020 760 2084 Sicque
775 2020 1033 2084 praeibant
1050 2015 1346 2068 consulibus
1361 2022 1565 2067 tantum

506 2087 779 2148 duodecim
832 2094 1059 2155 lictores,
1106 2098 1167 2141 ut
1220 2097 1276 2140 et
1331 2091 1564 2154 Regibus

507 2170 664 2230 olim3
698 2170 872 2235 itaque
906 2169 1083 2218 similis
1120 2181 1311 2231 pompa
1332 2173 1387 2240 et
1409 2167 1569 2216 dicta·

509 2245 610 2294 tori
633 2243 736 2295 fuit
754 2244 1126 2295 verisimiliter.
1497 2263 1501 2270 ·

569 2320 674 2370 Sed
716 2319 859 2385 Sylla
900 2320 1124 2370 dictator
1160 2317 1341 2368 habuit
1376 2316 1564 2381 viginti

506 2401 727 2459 qiiatuor
763 2396 988 2447 lictores.
1036 2396 1198 2445 Certe
1235 2392 1372 2458 quod
1410 2407 1564 2444 nemo

505 2470 636 2521 alius
659 2469 876 2533 fecerat,
898 2468 1084 2535 nempe
1121 2477 1179 2519 ut
1212 2469 1372 2532 magis
1400 2475 1565 2520 metu·

504 2546 690 2595 endam
713 2544 1026 2609 potestatem
1046 2545 1332 2595 exhiberet.
1442 2544 1448 2551 '

544 2622 640 2671 ‘Et
678 2621 972 2684 exemplum
1013 2621 1253 2670 lictorum
1303 2617 1562 2669 desumse·

500 2694 621 2749 iant
641 2697 766 2748 olim
787 2698 956 2759 Reges
977 2695 1197 2746 Romani
1219 2695 1286 2745 ab
1313 2696 1563 2760 Etruscis,

502 2776 721 2840 quorum
756 2774 928 2837 Reges
958 2773 1181 2822 habuere
1216 2777 1416 2822 tautum
1437 2772 1562 2822 duo-

501 2849 673 2900 decim
698 2848 930 2914 lictores,
950 2854 1010 2899 ut
1032 2852 1181 2898 erant
1202 2847 1475 2899 duodecim
1493 2849 1561 2898 E-

501 2920 680 2977 truria
702 2926 909 2991 populi:
943 2925 997 2975 bi
1022 2924 1209 2987 singuli
1229 2929 1406 2974 creato
1428 2923 1564 2991 Regi

500 3002 730 3066 singulos
745 3001 956 3052 lictores
975 3000 1187 3050 dabant.

562 3073 755 3144 Itaque
794 3076 1026 3140 regibus,
1055 3074 1369 3132 consulibus,
1398 3073 1562 3126 dicta·

495 3152 604 3202 tori
637 3151 851 3202 fuerunt
889 3157 1100 3208 tantum
1113 3149 1388 3200 duodecim
1410 3150 1560 3202 licto-

497 3240 602 3290 res,
622 3226 667 3276 si
687 3225 883 3290 Syllam
906 3226 1153 3290 excipias,
1170 3226 1260 3290 qui
1283 3230 1344 3275 ut
1365 3231 1562 3291 praeter

486 3302 577 3366 jus
597 3304 769 3363 omne,
789 3301 1099 3353 dictaturam
1140 3307 1448 3366 perpetuam
1483 3302 1562 3352 in·

497 3376 653 3442 vasit,
674 3377 751 3427 ita
787 3383 845 3426 et
867 3377 1048 3440 viginti
1090 3383 1310 3442 quatuor
1348 3377 1560 3427 lictores

495 3451 599 3503 sibi
632 3465 884 3518 apparere
916 3452 1072 3514 jussit
1110 3458 1309 3517 preter
1340 3464 1558 3505 morem.

492 3526 811 3593 Imperator,
849 3542 950 3577 seu·
983 3529 1224 3593 princeps
1265 3528 1463 3590 babuit,
1489 3533 1557 3580 ut

493 3610 645 3667 pato,
662 3610 864 3653 tantum
903 3603 1176 3656 duodecim
1211 3603 1440 3668 lictores,
1460 3603 1551 3672 qui

495 3674 755 3732 dictatore
769 3678 952 3742 major.

517 3769 526 3779 ·
558 3756 817 3822 Magistro
841 3752 846 3759 ⁴
869 3755 1105 3823 equitum
1162 3769 1255 3806 sex
1319 3755 1552 3809 lictores.

494 3831 606 3882 Dio
626 3833 660 3883 l.
682 3844 817 3883 ¹111.
852 3831 918 3882 de
949 3833 1027 3883 M.
1049 3831 1300 3895 Antonio,
1321 3833 1410 3897 qui
1446 3846 1555 3884 ma-

493 3907 660 3973 gister
690 3907 923 3973 equitum
963 3908 1216 3959 Coesarisz
1252 3907 1363 3960 ‘At
1390 3907 1556 3960 Anto·

490 3985 626 4048 nius,
639 3983 688 4034 si
706 3985 950 4037 vestitum
969 3985 1086 4049 ejus
1115 3989 1398 4048 spectares,
1429 3985 1555 4037 ima·

492 4059 665 4124 ginem
697 4059 960 4126 popularis
995 4065 1162 4109 status
1193 4057 1508 4123 praeferebat
1532 4074 1549 4109 ε

490 4141 757 4206 protextu
807 4135 943 4187 cuim
993 4134 1273 4197 utebatur3
1326 4136 1454 4187 item
1507 4136 1552 4186 si

493 4209 725 4279 lictores,
744 4222 849 4262 uon
885 4210 1021 4279 caini
1058 4210 1234 4277 plures
1272 4224 1424 4279 quam
1458 4223 1551 4262 sex

1646 734 1892 785 habebat.
1958 735 2034 787 At
2075 737 2117 786 si
2162 735 2391 801 gladium
2432 743 2710 803 spectares,

1647 825 1748 875 quo
1768 812 2092 876 cingebatur,
2114 820 2170 863 et
2202 811 2592 863 multitudinem
2616 815 2710 863 mi-

1647 887 1818 948 litum,
1840 888 1927 951 qni
1969 901 2084 936 eum
2108 888 2504 950 comitabantur,
2526 902 2709 938 revera

1649 961 1958 1012 ostendebat
1992 976 2210 1026 regnum
2250 969 2307 1012 et
2339 963 2614 1025 imperium
2651 977 2707 1013 u·

1648 1034 1801 1085 nius!
2607 1033 2629 1041 ”
2678 1031 2698 1060 ’·

1715 1110 1923 1160 consuli
1979 1111 2272 1174 duodecim,
2331 1111 2559 1161 Praetori
2606 1111 2708 1162 ‘set

1646 1186 1860 1236 lictores
1897 1187 2150 1249 aderant;
2185 1196 2241 1239 at
2260 1189 2508 1238 Tribunis
2540 1195 2601 1239 et
2620 1189 2706 1238 Ε-

1649 1260 2080 1313 ᾶίΙίῦωνίαιονει.
2124 1291 2135 1298 ›
2607 1303 2615 1317 .

1710 1338 1803 1387 Tri
1811 1338 2176 1388 huni-habuere
2199 1341 2443 1402 viatores,
2462 1341 2708 1407 quiprae·

1647 1413 1799 1464 irent.
1867 1414 2116 1466 Attamen
2142 1416 2342 1479 quoties
2373 1418 2555 1482 aliquis
2583 1418 2709 1468 civi·

1648 1503 1734 1538 um
1765 1491 2009 1540 auxilium
2039 1491 2361 1540 tribunorum
2383 1492 2706 1556 imploraret,

1645 1565 1863 1629 petebat
1902 1582 1933 1615 a
1976 1567 2196 1616 tribunis
2239 1568 2472 1629 lictorem,
2512 1569 2598 1633 qui
2646 1581 2705 1619 se

1645 1648 1826 1691 contra
1872 1642 1974 1691 vim
2017 1649 2271 1694 tueretur.
2340 1645 2459 1694 Nisi
2493 1644 2708 1695 confon-

1644 1716 1769 1766 dant
1812 1710 2051 1766 auctores
2087 1718 2299 1767 lictorem
2341 1731 2456 1767 cum
2508 1720 2707 1784 viatore,

1646 1798 1702 1840 et
1745 1793 1819 1842 sic
1857 1791 1971 1842 fere
1995 1801 2304 1843 vocarentur
2326 1793 2580 1843 communi
2613 1810 2707 1845 no·

1645 1868 1784 1918 mine
1807 1869 1944 1918 servi
1968 1867 2203 1933 publici.'
2294 1867 2299 1871 ’
2334 1867 2343 1876 ’

1708 1944 1953 1994 Quaestor
1973 1953 2140 2009 neque
2163 1944 2374 1994 lictores
2410 1956 2579 2008 neque
2601 1943 2709 1996 via·

1644 2023 1783 2067 tores
1804 2019 2002 2079 babuit,
2033 2019 2130 2068 nisi
2151 2017 2288 2068 forte
2308 2032 2428 2080 cum
2456 2026 2707 2084 praeesset

1644 2094 1851 2161 castris,
1905 2093 2121 2144 absente
2174 2094 2404 2145 consule.
2494 2094 2632 2145 Gen.
2669 2095 2706 2146 l.

1645 2181 1772 2217 xm.
1798 2173 1878 2219 12.
2690 2171 2697 2182 ’

1706 2245 2115 2296 Proconsulibus
2169 2245 2439 2297 duodecim
2491 2247 2704 2312 lictores

1643 2325 1792 2371 erant
1811 2321 1879 2371 ·in
1901 2337 1993 2371 sua
2011 2322 2296 2386 provincia,
2317 2330 2469 2382 extra
2501 2322 2704 2384 urbem,

1642 2402 1698 2445 et
1735 2411 1853 2446 cum
1888 2398 2123 2447 exercitu
2161 2397 2604 2462 proficiscentibus
2635 2398 2705 2452 ad

1643 2470 1855 2524 bellum.
1924 2474 1996 2523 Et
2049 2475 2093 2524 si
2137 2475 2474 2538 triumphales
2514 2473 2705 2543 forent,

1643 2557 1737 2613 aut
1769 2551 1989 2600 victores
2031 2549 2282 2613 redirent,
2318 2565 2437 2599 cum
2477 2546 2706 2600 laureatis

1629 2624 1847 2685 fascibus
1877 2623 2392 2689 incedebant3'quod
2429 2632 2579 2690 patet
2613 2639 2705 2675 ex·

1642 2703 1814 2765 emplo
1852 2701 2090 2764 Pompeii
2127 2700 2468 2766 triumphalis,
2488 2700 2555 2749 ad
2593 2698 2704 2767 ¹²²¹?

1639 2776 1747 2827 ium
1779 2776 2189 2839 Mithridaticum
2213 2774 2612 2840 proficiscentis,
2631 2778 2703 2843 ⁴et

1642 2852 1844 2902 Luculli
1882 2851 2150 2918 provincia
2181 2856 2298 2916 post
2319 2851 2597 2904 victoriam
2609 2846 2700 2901 de-

1640 2927 1892 2979 cedentis.

1706 3001 2084 3066 Proproe'toribas
2101 3015 2226 3052 vero
2245 2999 2462 3052 fuerunt
2496 3004 2700 3055 nutum

1638 3090 1724 3128 sex
1737 3080 1923 3128 lictores
1930 3095 1951 3137 ‚-
1980 3078 2078 3128 nisi
2111 3077 2252 3128 forte
2284 3077 2582 3127 consulares
2619 3078 2701 3129 σε·

1641 3163 1774 3218 sent,
1794 3162 1851 3205 et
1887 3156 2077 3204 bellum
2107 3154 2163 3203 in
2198 3153 2467 3219 provincia
2498 3157 2701 3207 armata
2772 3198 2781 3207 .

1640 3229 2074 3281 administrarent.

1704 3303 1921 3369 Legatis
1944 3303 2312 3368 proconsulum·
2339 3301 2395 3351 in
2412 3302 2698 3373 provinciis

1636 3374 1841 3432 lictores.
1905 3380 2211 3444 Spartianus
2235 3381 2286 3429 in
2304 3379 2496 3429 Severo
2516 3380 2703 3443 legato.

1636 3453 1956 3517 proconsulis
1980 3451 2209 3507 Africa:
2243 3453 2259 3482 ‘
2284 3453 2351 3503 In
2385 3467 2448 3503 ea
2478 3451 2697 3516 legatio·

1636 3544 1723 3592 ne,
1777 3545 1896 3581 cum
1935 3545 2055 3580 eum
2105 3530 2313 3594 quidam
2366 3529 2699 3594 Leptitanus,-

1633 3606 2045 3669 p'roecedentibus
2064 3604 2309 3670 fascibus,
2327 3604 2439 3673 ipse
2454 3603 2697 3670 plebeius

1633 3681 1898 3743 amplexus
1918 3681 2090 3733 esset.’
2632 3685 2638 3691 “

1672 3756 1871 3809 ‘Etiam
1892 3756 2237 3823 senatoribus,
2256 3756 2344 3822 qul
2377 3771 2494 3808 cum
2526 3755 2696 3809 libers

1628 3830 1887 3895 legatione
1921 3834 1973 3886 iu
2012 3832 2301 3897 provincias
2329 3834 2697 3898 mittebantur,

1631 3907 1865 3958 concessi
1906 3909 2212 3975 quaudoque
2264 3909 2498 3972 lictores,
2538 3913 2705 3973 puto,⁸
2800 3938 2807 3945 -

1631 3982 1740 4033 sine
1776 3981 2022 4048 fascibus,
2036 3989 2098 4034 ut
2128 3998 2244 4033 cum
2282 3984 2465 4048 majori
2494 3985 2693 4039 honore

1630 4058 1910 4109 lustrarent
1926 4058 2247 4124 provincias,
2264 4066 2320 4110 et
2353 4060 2536 4124 majori
2566 4054 2704 4128 ⁸⁶07.

1629 4135 1845 4187 toi-itate
1861 4136 2076 4205 negotia
2097 4150 2203 4188 seu-
2212 4137 2418 4201 privata
2452 4151 2543 4187 seu
2558 4135 2703 4200 putu·

1629 4210 1731 4262 lica
1764 4212 2096 4279 peragerent.
2162 4212 2518 4278 &prehendit
2537 4211 2692 4267 Cice·
