3100 4925
341 411 656 500 ³;··<.³⁵⁹l-

1019 405 1117 455 AN
1129 405 1430 456 nal-mu
1480 408 1852 460 blaxii-1.

341 548 648 635 Imperii’
697 548 1020 643 docendo,
1068 552 1088 582 ‘
1121 548 1179 612 si
1208 549 1485 628 sructuS,
1511 552 1783 635 quibus
1830 550 2042 636 Resp.
2091 554 2542 633 sustineretur,

336 638 879 716 deminuerentur.

965 650 1279 740 Quippe,
1330 652 1611 717 sublatis
1646 654 2041 736 portoriis?

2091 662 2424 752 Soeqllezns»,¹
2472 660 2548 724 ut
2584 703 2599 710 -

336 737 727 818 tributorum
758 741 1030 817 abolitio
1060 752 1619 842 expostularetur.
1693 754 2085 877 Plerasque¹
2114 757 2544 838 vectigalium

338 955 456 991 nem
490 939 645 1004 Reip.
667 945 954 1002 secatur-m,
989 938 1032 988 si
1053 939 1412 989 minuerentur
1433 940 1653 1004 reditus,
1676 940 1897 1006 quibus
1882 956 1996 1005 ipsa
2017 941 2346 993 inniteretur.
2409 944 2548 995 Nam

339 1005 558 1058 edwius
581 1004 937 1068 vectigalibus,
968 1011 1264 1054 secuturum
1279 1019 1438 1069 ποατ,-
1434 1012 1505 1056 -ut
1523 1005 1726 1055 diorum
1747 1019 1962 1055 onerum
1984 1006 2277 1057 immunitas
2300 1002 2549 1076 efflagita-

1263 1144 1376 1165 0000
1382 1144 1554 1165 “00⁴'‘
1560 1146 1620 1165 ‘O

410 1252 437 1296 1
472 1247 687 1298 Frustra
708 1245 995 1313 Acidalia,
1016 1262 1133 1300 cum
1158 1243 1389 1313 Mureto,
1409 1253 1582 1299 tentat
1605 1248 1750 1313 sequi.

1817 1250 2088 1315 Intelligas
2104 1266 2221 1303 esse.
2278 1252 2549 1306 Erneste-

1345 1389 1565 1465 Nom:

350 1523 417 1573 ali
456 1530 688 1587 possunt,
724 1535 824 1575 nec
864 1524 972 1574 sine
996 1525 1162 1575 milite
1203 1525 1408 1589 provin·
1486 1533 1594 1576 ru'm
1616 1515 1807 1577 abolitio
1830 1543 1859 1578 a
1881 1513 2041 1592 plebe
2058 1522 2431 1593 expostuletur.

348 1599 464 1662 ciae,
484 1605 575 1648 aut
596 1600 837 1649 civitates
872 1600 1003 1650 bene
1034 1601 1293 1663 constitui,
1329 1616 1410 1650 or-

350 1674 537 1736 dinari,
555 1675 644 1723 aut
664 1673 871 1726 defendi
892 1685 1105 1739 possunt
1125 1694 1140 1737 3
1173 1683 1228 1726 et
1251 1678 1411 1727 disso-

349 1749 479 1800 lutio
502 1750 706 1814 imperii
728 1760 1050 1815 sequeretur,
1073 1753 1115 1800 si
1133 1752 1279 1802 miles
1297 1768 1412 1802 suas

351 1824 605 1874 stationes
646 1825 929 1888 desereret,
972 1827 1071 1875 nisi
1117 1828 1414 1892 provinciis,

351 1902 451 1952 nisi
488 1904 602 1966 paci
627 1905 829 1953 illaruni
871 1906 1140 1971 quietique
1181 1906 1412 1969 invigila-

352 1983 474 2027 rent
506 1978 702 2027 duces..
750 1979 879 2029 Quae
900 1987 1093 2029 cuncta
1114 1986 1337 2043 cessant,
1372 1981 1415 2030 si

352 2050 502 2101 miles
526 2053 798 2115 stipendiis
822 2060 878 2101 et
899 2053 1107 2104 tributis
1129 2054 1416 2119 provincia-

353 2142 465 2177 rum
489 2128 559 2176 ali
580 2134 826 2178 cessaret.

416 2204 541 2253 Tac.
582 2203 723 2252 Hist.
763 2217 841 2253 ιν.
880 2208 962 2253 74.
1000 2204 1224 2270 ‘Neque
1263 2206 1410 2271 quies

351 2279 580 2343 gentium
602 2279 712 2327 sine
733 2278 905 2340 armis,
940 2293 1108 2344 neque
1143 2293 1285 2332 arma
1305 2281 1415 2330 siue

354 2353 647 2417 stipendiis,
682 2367 847 2418 neque
883 2354 1142 2417 stipendia
1175 2354 1285 2404 sine
1326 2356 1417 2404 tri-

356 2428 498 2481 butis
518 2427 698 2478 baberi
723 2426 951 2492 queunt?

419 2512 454 2538 ¹¹
486 2505 698 2554 Sublatis
728 2503 979 2568 portoriis]
1042 2502 1270 2554 Portoria
1313 2505 1418 2568 hic,

355 2583 438 2648 (ut
469 2580 719 2645 videtur,)
754 2597 848 2645 pro
886 2581 1118 2630 omnibus
1152 2583 1417 2646 vectigalia

357 2661 474 2710 bus.
547 2659 812 2721 Vectigalia
833 2658 966 2707 enim
991 2658 1124 2722 apud
1158 2658 1417 2708 Romanos

361 2734 685 2798 constabant,
725 2734 810 2784 vel
836 2740 912 2784 ‘ex
954 2734 1164 2796 decimis,
1219 2749 1333 2798 quae
1388 2750 1419 2785 a

360 2809 681 2874 publicorum
720 2824 956 2873 agrorum
995 2810 1282 2859 aratoribus
1319 2810 1421 2858 exi·

361 2885 638 2949 gebantur,
678 2885 815 2935 unde
855 2884 1106 2943 Publiceni
1148 2892 1418 2934 exactores

361 2960 522 3010 dicti:
559 2962 642 3010 vel
665 2975 728 3008 ex
763 2961 1002 3023 portoriis,
1024 2975 1138 3025 quae
1173 2975 1267 3024 pro
1289 2963 1419 3009 mei·-

361 3033 511 3084 c'ibus
555 3035 713 3083 illatis
750 3048 838 3082 seu
875 3034 1196 3097 exportatis:
1232 3036 1317 3083 vel
1358 3050 1422 3083 ex

361 3109 636 3172 scriptura,
655 3110 857 3161 scilicet
880 3123 970 3172 pro
990 3110 1192 3172 pascuis
1210 3109 1421 3159 locatis:

363 3184 491 3233 item
528 3199 595 3234 ex
635 3185 879 3234 vicesima
913 3199 1089 3233 eorum
1126 3185 1214 3248 qui
1248 3199 1424 3234 manu-

363 3258 725 3323 mittebantur,
763 3266 820 3309 et
843 3275 906 3308 ex
929 3259 1042 3309 aliis
1075 3261 1230 3309 etiarn
1267 3261 1424 3309 mino-

363 3334 512 3386 ribus
535 3336 705 3387 rebus.

438 3400 706 3475 Vectigalia
727 3427 850 3463 vero
872 3411 1119 3465 differunt
1141 3429 1171 3463 a
1181 3406 1426 3477 tributis',

368 3487 507 3554 qnod
528 3488 619 3537 illa
640 3489 795 3552 agris,
822 3489 1099 3549 mercibus,
1121 3494 1177 3538 et
1200 3489 1314 3538 aliis
1332 3485 1428 3536 'hu-

357 3566 682 3632 juscemodi:
718 3567 883 3631 haec,
870 3581 922 3614 m
946 3566 1137 3629 capita,
1151 3581 1212 3615 ac
1237 3580 1327 3652 pro
1350 3580 1428 3614 ra-

367 3641 508 3690 tione
531 3655 731 3691 census.

434 3717 639 3765 Praeter
661 3717 895 3781 antiquus
921 3714 1177 3776 auctores,
1216 3714 1351 3777 vide,
1387 3717 1429 3765 si

371 3792 564 3856 placet,
586 3791 873 3855 elegantem
897 3791 1059 3854 Lipsii
1097 3791 1328 3859 libellum
1362 3790 1430 3839 de

368 3867 723 3931 magnitudine
746 3867 977 3915 Romana
998 3866 1033 3914 l.
1057 3880 1120 3916 11.
1155 3866 1385 3915 Pichena.
1416 3910 1424 3917 .

379 3956 384 3959 ·
437 3943 654 3991 Sublatis
667 3942 914 4006 portoriis]
951 3940 1103 3989 Haud
1144 3941 1301 3990 dubie
1334 3941 1433 3990 dis·

369 4019 566 4082 tinguit
584 4019 794 4068 Tacitus
817 4017 955 4067 inter
975 4017 1230 4078 vectigalia
1250 4024 1304 4066 et
1321 4032 1431 4080 por-

371 4093 516 4156 toria,
556 4108 673 4158 quae
704 4093 841 4141 idem
885 4098 1024 4155 sunt,
1066 4099 1122 4141 et
1160 4092 1298 4140 inter
1335 4092 1462 4142 alia.

372 4167 584 4217 tributa:
614 4169 868 4234 sequitur,
906 4168 1074 4232 inquit
1105 4168 1338 4231 Tacitus,
1374 4174 1432 4217 nt

369 4242 569 4293 amiati-2
583 4244 830 4311 portoriis,
853 4243 1206 4325 mox-aliorum
1230 4242 1433 4294 tributo-

1525 1597 1528 1602 ’
1556 1599 1627 1650 Et
1649 1601 1869 1668 alioquin
1888 1605 2067 1653 insana
2083 1603 2267 1656 fuisset
2283 1605 2373 1654 illa
2389 1603 2555 1654 muni·

1489 1674 1702 1726 ficentia
1735 1678 1981 1740 Neronis,
2024 1684 2079 1728 et
2112 1693 2298 1728 vesana
2340 1691 2550 1743 prorsus

1493 1754 1611 1803 talis
1640 1756 1923 1819 propositio
1959 1770 2134 1806 coram
2173 1756 2553 1820 sapientissimo

1494 1837 1697 1881 senatu.

1561 1904 1661 1954 Sed
1704 1907 1872 1969 potuit
1901 1907 1988 1955 ille
2012 1908 2169 1956 nobili
2191 1907 2554 1958 munificentiae

1492 1978 1690 2043 impetu
1712 1980 1763 2029 id
1782 1982 1978 2045 agitare
2001 1983 2066 2031 de
2090 1983 2399 2045 vectigalibus
2415 1979 2558 2050 solis,

1494 2054 1607 2103 aliis
1629 2055 1861 2110 tributis
1876 2057 2098 2107 immotis
2129 2058 2316 2121 quibus
2340 2056 2559 2107 sustine·

1494 2135 1639 2179 retur
1662 2131 1993 2195 Respublica.

1562 2205 1668 2254 Per
1687 2207 1940 2269 vectigalia
1969 2209 2232 2271 praecipue
2252 2208 2462 2258 Tacitus
2487 2207 2564 2256 in·

1497 2280 1688 2345 telligit
1711 2296 1774 2330 ea
1811 2296 1926 2345 quae
1952 2296 2017 2331 ex
2038 2283 2296 2332 mercibus
2333 2289 2397 2332 et
2409 2295 2560 2332 vena-

1494 2354 1630 2414 libus
1659 2355 1811 2404 rebus
1836 2356 2185 2420 exigerentur,
2219 2352 2373 2421 idque
2397 2369 2557 2420 genus

1497 2430 1694 2488 tributa
1715 2431 2028 2481 intellexisse
2046 2438 2198 2496 patet
2220 2434 2415 2498 statim,
2438 2434 2561 2499 quia

1495 2504 1585 2556 illa
1605 2504 1793 2571 partim
1822 2504 2080 2557 ‘imminuit
2118 2510 2285 2574 Nero,
2318 2515 2414 2559 aut
2447 2524 2562 2575 pare

1496 2584 1590 2633 tim
1613 2584 1768 2633 etiam
1792 2598 1998 2647 prorsus
2021 2583 2265 2635 abolevit.
2331 2586 2564 2650 Tacitus,

1497 2657 1514 2687 ‘
1535 2659 1721 2709 Manet
1737 2665 1910 2709 tamen
1928 2659 2139 2709 abolitio
2158 2661 2561 2724 quadragesimae

1498 2735 2065 2803 quinquagesimaeque„
2110 2738 2209 2784 διο.
2267 2741 2562 2799 temperata

1501 2808 1641 2873 apud
1694 2810 2064 2858 transmarinas
2120 2810 2413 2872 provincias
2456 2809 2564 2869 stuf

1496 2884 1660 2932 menti
1681 2882 1981 2932 subvectio!

1567 2961 1646 3009 En
1664 2960 1938 3022 vectigalia,
1957 2974 2020 3008 en
2037 2959 2272 3024 portoria,
2289 2960 2354 3009 de
2377 2958 2563 3023 quibus

1500 3036 1585 3086 hic
1626 3036 1873 3098 Tacitus,
1893 3041 1949 3086 et
1988 3050 2106 3099 quae
2148 3036 2319 3086 omitti
2356 3034 2565 3096 volebat

1504 3112 1671 3172 Nero,
1705 3126 1807 3160 non
1831 3118 2002 3160 autem
2026 3125 2175 3161 omne
2217 3126 2377 3175 genus
2402 3112 2565 3162 tribu·
2617 3153 2623 3158 .
2665 3142 2671 3147 -

1505 3192 1576 3236 ta.
1643 3187 1713 3235 Et
1751 3185 1824 3234 sic
1865 3186 2021 3234 etiam
2061 3186 2223 3235 vertit
2246 3186 2392 3237 clar.
2429 3186 2566 3251 Har?
2632 3220 2653 3231 ‚-

1501 3259 1643 3309 laeus.

1570 3341 1596 3366 ¹
1630 3335 1904 3405 Pleraeque]
1949 3334 2078 3397 Socii
2112 3342 2165 3385 et
2187 3335 2457 3385 δυσέρωτες·
2470 3351 2568 3399 pro

1507 3410 1795 3473 publicanis
1819 3410 1976 3459 toties
2008 3412 2146 3474 apud
2183 3425 2337 3460 unum
2362 3411 2567 3473 Cicero·¹
2607 3444 2611 3449 ·

1507 3499 1625 3534 nem
1677 3492 2161 3547 commemorantur,
2217 3494 2275 3537 ut
2321 3486 2571 3549 annotare

1505 3562 1621 3610 loca
1641 3560 1835 3625 pigeat.
1890 3561 2029 3610 Vide
2046 3561 2214 3625 Epist.
2238 3561 2420 3611 Pamin.
2443 3574 2570 3629 1111,

1507 3642 1558 3686 9.
1624 3638 1695 3687 Et
1719 3644 1889 3686 tamen
1911 3635 1963 3683 in
1982 3636 2062 3685 his
2088 3650 2290 3700 quoque
2311 3635 2572 3685 Manutius

1508 3715 1702 3763 erravit
1742 3712 1808 3762 ad
1848 3713 1996 3763 Orat.
2045 3726 2138 3775 pro
2183 3711 2402 3761 Plancio
2441 3727 2486 3764 c.
2522 3716 2575 3764 9.

1511 3792 1526 3817 ‘
1549 3790 1649 3839 Vel
1673 3790 1809 3853 quod
1834 3796 1947 3838 erat
1969 3794 2121 3852 pater
2136 3789 2199 3853 ie,
2220 3788 2311 3853 qui
2328 3796 2411 3837 est
2434 3789 2573 3855 prin:

1510 3878 1635 3929 ceps
1647 3865 1849 3929 jamdiu
1864 3864 2288 3930 publicanorum:
2326 3866 2409 3915 vel
2431 3865 2573 3933 quoii

1509 3941 1552 3990 is
1577 3942 1644 3991 ab
1663 3944 1815 3991 sociis
1838 3942 1987 3992 unice
2009 3941 2357 4005 diligebatur.2

1575 4018 1727 4079 Quia,
1744 4051 1756 4062 .
1769 4018 1938 4082 inquit
1959 4018 2069 4081 ille,
2102 4030 2353 4083 perquam
2377 4029 2571 4085 rarum,

1511 4099 1571 4142 ut
1594 4093 1659 4142 ab
1681 4093 1832 4142 sociis
1853 4092 2112 4156 publicani
2133 4093 2445 4156 diligantur:
2481 4090 2575 4150 ubi

1511 4167 1650 4217 enim
1688 4169 1966 4232 vectigalia
2006 4169 2307 4232 exiguntur,
2351 4167 2433 4219 ibi
2460 4165 2576 4235 ferq

1511 4243 1871 4303 contentiones
1887 4242 2108 4310 odiaque
2125 4249 2426 4315 nascuntur,
2478 4286 2483 4291 .
