3100 4925
415 383 471 436 s.
496 382 557 435 c.
580 382 687 447 aa]
718 415 723 423 .

1084 373 1494 430 Aulum-Um
1544 373 1695 424 us.
1744 362 1923 438 xlm

2452 357 2633 424 Μ

413 521 669 599 sentiit}
697 541 740 585 a
761 518 1126 605 majoribus
1171 517 1552 583 institutum·
1584 515 1900 594 referenS,
1922 521 1954 552 *‘
1985 515 2370 581 subtrahere
2416 516 2632 582 oeulis

419 624 664 688 acerba
689 622 976 698 funera,¹⁸
1001 635 1214 701 neque
1239 618 1773 696 laudationibuS,
1823 623 1941 682 aut
1988 635 2246 703 pompa
2294 618 2634 682 detinere:

417 815 541 865 ceps,
564 814 838 861 memorans,
878 797 931 847 id
965 798 1213 862 placitum
1239 796 1484 861 antiquis,
1509 795 1715 847 auferre
1739 812 1768 846 e
1789 804 2071 861 conspectu
2096 799 2394 849 immaturas
2421 798 2633 861 exequi·

423 880 498 926 as,
531 877 698 929 neque
725 875 811 913 eas
844 863 1181 926 orationibus,
1217 867 1309 911 aut
1335 862 1505 926 longo
1540 868 1727 925 paratu
1761 860 1972 912 funebri
2012 861 2242 913 differre.
2309 864 2553 914 Ceterum
2577 858 2634 911 εἴ

1351 1081 1356 1086 ,
1408 1025 1630 1076 NOTAE

483 1131 501 1164 ²
530 1095 788 1201 Diffevidit]
814 1131 879 1181 Id
902 1138 998 1194 est,
1032 1115 1289 1197 purgavit,
1311 1130 1485 1194 diluit,

1563 1135 1802 1180 rascunt:
1838 1139 1895 1180 et
1917 1130 2062 1196 quasi
2083 1113 2254 1179 denuo
2276 1127 2422 1191 pueri
2452 1125 2549 1189 illi,
2569 1126 2633 1174 ad

423 1208 708 1257 excusavit.
773 1207 858 1256 Sic
895 1207 1137 1256 Tiberius
1183 1206 1322 1271 apud
1358 1208 1480 1255 Tac.
1561 1218 1716 1256 cereos
1749 1206 2015 1271 efferendi,
2050 1207 2138 1272 qui
2171 1205 2299 1256 talia
2319 1207 2496 1255 insane
2532 1204 2635 1254 dis·

421 1295 506 1333 111.
528 1286 608 1333 12.
630 1283 779 1332 malis
812 1282 1007 1331 artibus
1040 1283 1277 1345 innexus,
1295 1281 1480 1346 quibus
1561 1291 1780 1347 ponunt.

421 1358 580 1420 periit
612 1358 971 1421 Germanicus,
1008 1357 1174 1406 nimiis
1216 1363 1483 1407 accusato·

425 1447 540 1482 rum
582 1433 766 1483 studiis
807 1448 863 1482 se
900 1443 1207 1484 succensere
1246 1432 1483 1483 dicebat:

423 1511 439 1536 ‘
467 1510 586 1561 Quo
609 1509 891 1573 pertinuit,'
913 1509 1101 1574 inquit,
1121 1510 1138 1538 ⁴
1160 1509 1356 1558 nudare
1377 1521 1490 1559 cor·

424 1598 519 1646 pus
561 1590 617 1632 et
668 1584 1101 1634 contrectandum
1132 1585 1274 1648 vulgi
1329 1585 1490 1634 oculis

425 1659 751 1723 permittere,
772 1658 1070 1724 differrique
1092 1660 1250 1709 etiam
1273 1673 1367 1723 per
1400 1675 1487 1709 ex·

424 1742 617 1800 ternos,
657 1741 901 1801 tanquam
926 1749 1125 1786 veneno
1165 1724 1487 1800 interceptus

420 1817 582 1875 esset,
613 1812 658 1860 si
690 1811 898 1862 incerta
931 1812 1097 1861 adhuc
1127 1813 1228 1862 ista
1256 1819 1316 1862 et
1345 1827 1486 1861 scru-

423 1885 587 1935 tanda
611 1892 732 1936 sunt
749 1886 785 1934 ?’

489 1970 513 1994 ¹¹
545 1962 832 2013 Subtrohere
882 1964 1030 2013 oculis
1079 1962 1244 2013 acerba
1284 1961 1489 2025 funera]

427 2039 569 2089 Nota
591 2039 759 2089 ritum.
824 2038 1033 2090 Acerba
1065 2041 1202 2090 enim
1225 2047 1281 2090 et
1311 2040 1488 2089 imma·

424 2122 546 2164 tura
566 2114 765 2180 funera,
785 2130 902 2179 ηοω
925 2117 1064 2166 intra
1082 2116 1312 2166 tirocinii
1331 2115 1486 2178 diem,

427 2204 619 2253 pompa
658 2190 863 2241 funebri
908 2199 999 2242 aut
1042 2192 1340 2241 laudatione
1382 2205 1487 2240 non

427 2264 658 2329 dignata.
711 2267 848 2316 Vide
875 2281 959 2316 me
994 2268 1060 2316 ad
1101 2268 1370 2329 Senecam,
1400 2269 1486 2316 De

425 2339 688 2389 brevitate
710 2340 852 2404 vitae,
874 2356 990 2404 cap.
1010 2342 1107 2391 ult.
1178 2340 1389 2403 Lipsius.

488 2414 879 2482 Acerbafimeroe]
911 2415 978 2466 Id
993 2415 1271 2466 discrimen
1287 2420 1490 2480 ponunt

423 2493 563 2541 inter
590 2491 805 2553 funera3
842 2494 978 2558 quod
1015 2493 1249 2558 exequiae
1286 2493 1487 2543 adulto·

425 2585 540 2620 rum
577 2571 966 2622 celebrarentur
1003 2571 1234 2622 candelis
1272 2579 1328 2622 et
1364 2570 1489 2623 faci·

425 2645 541 2707 bas,
561 2651 618 2695 at
639 2648 917 2710 puerorum
941 2647 1133 2696 acerba
1169 2646 1370 2711 funera,
1405 2661 1487 2696 ce·

423 2720 547 2769 reis.
610 2720 697 2769 Sic
729 2721 992 2784 colligitur
1023 2736 1092 2770 ex
1109 2721 1310 2772 Seneca
1331 2721 1487 2786 epist.

426 2798 541 2845 128.
605 2796 622 2824 ‘
647 2795 741 2845 Isti
784 2796 907 2865 milii
948 2806 1074 2846 ‘vero
1121 2795 1489 2848 defunctorum

425 2868 543 2919 loco
562 2877 699 2921 sunt.
768 2872 1085 2923 Quantulum
1104 2872 1240 2921 enim
1256 2888 1290 2922 a
1305 2872 1489 2922 funere

427 2944 638 3007 absunt,
659 2952 717 2995 et
738 2947 948 3011 quidem
971 2948 1179 3012 acerbo,
1203 2950 1290 3013 qui
1312 2950 1377 2999 ad
1413 2947 1490 2998 fa·

427 3034 517 3070 ces
540 3026 596 3069 et
611 3034 796 3071 cereos
815 3023 994 3072 vivunt
1006 3022 1042 3071 Ρ

494 3095 645 3145 Idem
668 3096 734 3146 de
749 3098 937 3161 Tranq.
954 3100 1075 3149 vitae
1098 3110 1160 3150 11.
1203 3096 1414 3152 ’Toties
1437 3101 1490 3150 in

428 3171 625 3221 vicinia
654 3187 771 3222 mea
794 3174 1168 3225 conclamatum
1201 3181 1304 3238 est,
1337 3177 1493 3226 toties

428 3255 628 3310 praeter
648 3248 802 3298 limem
827 3249 1122 3299 immaturas
1141 3252 1383 3316 exequias
1402 3252 1492 3303 fax

430 3336 714 3390 cereusque
737 3325 1044 3390 praecessit?

495 3401 565 3449 Et
584 3414 702 3464 cap.
736 3402 833 3450 ult.
868 3400 955 3451 Ad
990 3401 1291 3453 Paulinum:
1327 3404 1494 3457 “Qui-

427 3474 548 3524 dam
571 3490 693 3525 vero
716 3476 999 3539 disponunt
1038 3476 1197 3526 etiam
1235 3476 1344 3540 illa,
1377 3493 1491 3543 quae

428 3552 566 3600 ultra
577 3552 735 3601 vitam
757 3559 895 3616 sunt,
912 3554 1071 3602 moles
1092 3567 1303 3618 magnas
1325 3557 1493 3619 sepul-

429 3640 656 3690 crorum,
679 3634 735 3677 et
759 3642 972 3691 operum
1003 3629 1327 3692 publicorum
1348 3630 1492 3680 dedi·

433 3702 683 3766 cationes,
700 3711 756 3753 et
772 3704 838 3751 ad
859 3718 1035 3768 rogum
1058 3719 1291 3768 munera,
1314 3714 1369 3755 et
1392 3720 1494 3757 am·

431 3777 642 3828 bitiosas
663 3779 933 3843 exequias.
999 3780 1074 3830 At
1094 3782 1407 3845 mehercule,
1428 3783 1494 3833 is-

434 3859 603 3903 torum
623 3852 821 3912 funera,
844 3861 1091 3921 tanquam
1113 3858 1329 3908 nimium
1354 3859 1494 3908 vixe-

433 3929 562 3993 rint,
592 3930 660 3979 ad
702 3930 845 4001 faces
881 3939 937 3980 et
975 3946 1155 3983 cereos
1189 3934 1495 3989 deducenda

433 4005 591 4056 suut?

499 4082 587 4132 Ibi
605 4081 768 4132 scribi
783 4083 893 4131 vult
914 4084 1137 4148 Lipsius,
1167 4091 1388 4149 iniquum
1408 4087 1497 4135 mi-

433 4159 947 4221 &mummi-iamed
961 4160 1235 4210 sententias
1249 4160 1386 4210 forte
1397 4160 1500 4211 suf-

439 4233 565 4298 ficit,
577 4235 774 4285 nimium
786 4235 1011 4297 viver-iun
1044 4250 1162 4288 nam
1179 4234 1297 4289 ideo
1316 4250 1498 4303 repue-

1629 1359 1715 1410 Sic
1757 1359 1922 1409 sensit
1965 1357 2249 1423 sapientior
2290 1356 2372 1407 his
2413 1356 2632 1417 Seneca,

1569 1437 1657 1501 qui
1677 1438 1791 1501 ipse
1821 1443 1879 1485 et
1912 1441 2222 1486 testamento
2242 1432 2360 1483 fieri
2381 1432 2480 1483 sibi
2512 1443 2634 1497 pro-

1566 1511 1736 1561 hibuit
1756 1510 2053 1575 splendidas
2073 1509 2340 1576 exequias,
2371 1514 2512 1560 teste
2531 1506 2634 1557 Ta·

1569 1588 1693 1638 cito.

1633 1660 1806 1727 Igitur
1838 1661 1903 1711 ad
1937 1675 2116 1712 cereos
2154 1666 2210 1724 et
2248 1661 2434 1725 exiguo
2466 1672 2632 1722 appa·

1569 1745 1686 1788 ratu
1709 1737 2033 1788 ducebantur
2065 1735 2248 1785 funera
2280 1735 2557 1784 immatura
2579 1740 2635 1786 et

1567 1814 1774 1877 acerba,
1809 1814 1964 1879 quale
1998 1811 2101 1862 fuit
2131 1809 2286 1861 funus
2322 1809 2635 1872 Britannici.

1568 1893 1781 1941 Sueten.
1846 1890 1863 1919 ‘
1886 1892 2055 1943 Quem
2088 1893 2299 1952 postero
2335 1886 2420 1935 die
2442 1885 2636 1950 raptim

1566 1966 1708 2015 inter
1728 1964 1978 2014 maximos
2003 1964 2197 2013 imbres
2220 1960 2532 2013 translatitio
2552 1957 2634 2008 fu-

1567 2055 1693 2091 nere
1712 2040 1902 2090 extulit
1915 2038 1949 2089 :'
1984 2037 2318 2099 translatitio,
2337 2035 2391 2084 id
2408 2041 2509 2097 est,
2527 2033 2635 2083 vul·

1568 2117 1697 2181 gari,
1711 2115 1800 2165 vili
1814 2132 1829 2177 ;
1854 2122 1910 2165 at
1924 2129 2044 2164 vero
2062 2120 2266 2163 matura
2280 2110 2462 2162 funera
2478 2111 2636 2173 longo

1566 2201 1623 2243 et
1639 2194 1885 2244 immenso
1903 2192 2084 2242 ordine
2097 2190 2286 2240 facium
2307 2201 2368 2239 ac
2382 2186 2636 2238 funalium

1569 2269 1852 2331 celebrata,
1889 2275 1944 2337 et
1977 2268 2130 2329 longe
2163 2265 2348 2328 majori
2378 2269 2637 2328 apparatu

1569 2353 1863 2409 pompaque
1886 2355 2036 2392 senes
2059 2341 2205 2389 elati.
2450 2343 2457 2348 “

1631 2417 1820 2469 Acerba
1840 2415 2042 2478 funera]
2088 2412 2299 2465 Acer-bar
2333 2418 2525 2464 mortes
2546 2417 2635 2463 ω’-

1569 2501 1712 2556 cant,
1723 2493 2093 2558 intempestiva
2107 2498 2162 2541 et
2177 2496 2491 2554 praematura
2503 2487 2634 2552 fata,

1569 2570 1930 2635 et-praecipue,
1967 2582 2091 2633 quaeu
2114 2566 2481 2631 contingerent
2511 2556 2636 2615 ante

1568 2641 1767 2696 'virilem
1790 2651 2022 2707 aetatem,
2058 2648 2150 2692 seu
2173 2649 2295 2692 ante
2317 2648 2554 2707 quartum
2578 2646 2637 2690 e‘t

1569 2722 1825 2772 decimum
1842 2730 2032 2770 annum
2049 2719 2383 2783 completum,
2398 2730 2513 2783 quae
2532 2722 2638 2766 non

1568 2797 1944 2849 subtrahebant
1981 2797 2164 2857 oculis,
2202 2794 2452 2860 quicquid
2493 2794 2639 2844 dicat

1571 2874 1735 2924 Nero.
1801 2872 1918 2922 Nisi
1950 2870 2404 2934 forte·intelligat,
2437 2880 2542 2918 non
2564 2867 2640 2918 ef·

1571 2948 1698 2998 ferri
1714 2948 1948 3012 juniores
1969 2947 2094 2996 istos
2115 2961 2181 2996 ea
2197 2958 2410 3009 pompa,
2429 2959 2533 3009 qua
2549 2958 2638 2994 na·

1571 3033 1629 3075 tu
1660 3026 1905 3088 maj0res.
1970 3024 1988 3053 ‘
2015 3022 2297 3072 Hominem
2337 3022 2637 3085 priusquam

1573 3104 1750 3167 genito
1771 3101 1947 3153 dente'
1971 3116 2073 3151 non
2096 3099 2414 3151 cremabant.
2481 3100 2621 3149 Plin.

1638 3179 1807 3243 Igitur
1822 3176 2195 3227 subtrahebant
2213 3176 2374 3226 oculis
2387 3189 2449 3225 eo
2467 3190 2637 3239 sensu,

1574 3253 1711 3320 quod
1728 3268 1833 3303 non
1847 3268 1934 3303 eos
1952 3251 2197 3303 efferrent
2214 3252 2412 3316 ingenti
2428 3266 2637 3316 pompa,

1574 3340 1739 3393 neque
1773 3342 1869 3392 pro
1899 3328 2102 3377 Rostris
2139 3327 2311 3390 palam
2343 3325 2638 3377 laudarent.

1574 3405 1762 3468 Neque
1784 3410 1919 3465 erat,
1943 3416 2036 3450 cur
2058 3415 2147 3451 eos
2178 3400 2356 3450 statim
2377 3400 2641 3450 subtrahe·

1572 3487 1693 3529 rent
1710 3479 1872 3530 oculis
1893 3477 2101 3541 civium,
2122 3476 2222 3526 nisi
2238 3490 2353 3526 cum
2376 3477 2524 3526 dolus
2547 3487 2640 3526 aut

1572 3556 1739 3605 ‘scelus
1761 3553 2023 3605 subesset:
2058 3551 2195 3618 qnod
2218 3565 2354 3602 nunc
2375 3552 2615 3616 contigit.

1636 3639 1661 3665 v
1693 3633 1859 3695 Neque
1879 3628 2245 3691 laudationibus,
2266 3634 2538 3692 mpompa
2558 3629 2642 3679 de-

1570 3704 1746 3769 tinere]
1789 3706 1851 3756 In
1874 3705 2053 3755 codice
2074 3704 2304 3755 Budensi
2337 3703 2526 3768 legitur
2548 3704 2637 3754 ad-

1576 3785 1734 3834 ditum
1741 3818 1757 3846 ‚
1775 3797 1936 3846 preces
1957 3780 2221 3846 ffundere:
2254 3794 2410 3844 quam
2432 3782 2636 3830 clausu·

1572 3860 1676 3909 lam
1699 3858 1884 3922 opinor
1905 3857 1977 3907 sic
1998 3855 2390 3918 emendandam,
2423 3860 2483 3905 ut
2511 3871 2637 3919 ρω-

1574 3951 1681 4001 ceps
1714 3936 1954 4001 effundere
1993 3935 2246 3998 legamus,
2282 3931 2638 3983 subaudiendo

1562 4013 1715 4074 funus
1733 4028 1758 4063 e
1779 4013 2045 4075 sandapila,
2065 4016 2156 4060 aut
2172 4012 2340 4073 loculo,
2357 4008 2492 4073 quod
2512 4009 2637 4057 alio·

1578 4090 1665 4155 qui
1706 4104 1808 4140 non
1851 4089 1964 4138 sine
2004 4087 2306 4138 caerimoniis
2345 4083 2538 4149 deponi
2578 4084 2636 4135 in

1574 4180 1758 4231 rogum
1782 4165 2000 4215 solebat.
2068 4164 2370 4214 Rhenanam·

1642 4240 1828 4292 Potius
1844 4240 2078 4304 ineptum
2095 4238 2347 4302 glossema
2364 4236 2435 4286 ‘sit
2450 4235 2635 4303 nuperi
