3100 4925
459 347 651 418 1208
1169 368 1236 415 ο.
1280 366 1641 416 conuenit
1686 366 1952 414 ‘meni
2338 370 2432 437 [A.
2452 371 2660 432 usu.

458 508 660 576 Tatio
687 508 989 575 additum
1006 508 1155 574 urbi
1183 506 1540 572 credidere.
1632 506 1803 571 Mox
1824 526 1947 590 pro
1974 506 2243 578 fortuna
2258 510 2655 591 pomoerium

459 618 745 678 auctum.
832 611 942 689 Et,
966 631 1136 695 quos
1167 617 1305 675 tum
1335 609 1657 674 Claudius
1713 612 2052 675 terminos?
2093 613 2409 694 posuerit,
2461 612 2674 678 facile

459 703 724 795 cognitu
749 718 814 776 et
839 714 1129 796 publicis
1153 713 1350 777 actisq
1392 713 1851 795 perscriptum.
1856 720 1879 758 ³
2405 743 2410 746 ·

544 813 652 878 25.
698 811 777 878 G.
833 811 1125 877 Antistio
1175 811 1279 875 M.
1314 812 1533 876 Suilio
1594 811 1791 877 Coss.
1843 813 2163 896 adoptio
2144 836 2212 878 111
2241 815 2647 894 Domitium,
2636 824 2659 853 ¹

460 916 850 980 auctoritate
874 914 1247 991 Panantis‚⁸
1284 913 1665 979 festinatur:
1711 914 1828 995 qui
1859 915 2217 982 obstrictus
2240 914 2666 1001 Agrippinae,-

448 1113 602 1174 facile
633 1117 716 1161 est
734 1113 1122 1173 animadvertere,
1153 1127 1265 1177 quos
1282 1118 1384 1161 tum
1419 1113 1645 1163 claudius
1660 1112 1792 1178 fines
1812 1114 2127 1177 constituerit,
2158 1120 2207 1164 et
2230 1114 2283 1163 id
2306 1116 2427 1164 actis
2458 1115 2660 1179 publicis

458 1177 854 1304 inffffzm
863 1240 938 1289 Μ.
963 1238 1116 1289 Sailio
1143 1241 1434 1303 Consulibus,
1450 1246 1732 1317 properatyr
1746 1241 1934 1304 adoptio
1964 1242 2193 1305 Domitii,
2207 1243 2381 1304 flavore
2403 1244 2666 1320 Pallantis,

460 1306 542 1368 φα·
561 1304 805 1354 devinctas
824 1305 1124 1370 Agrippinae,
1144 1310 1198 1354 ut
1218 1305 1389 1366 fautor
1409 1305 1720 1369 matrimonii,
1752 1310 1802 1355 et
1836 1319 1946 1355 mox
1964 1308 2198 1357 adulterio
2207 1308 2421 1367 foeminae
2441 1309 2657 1372 innexas,
2677 1310 2681 1314 '

1385 1442 1444 1462 00
1419 1441 1714 1461 “omoeoe-

456 1535 541 1595 ᾂτ.
574 1533 657 1582 cui
679 1532 907 1582 Brotier.
945 1538 1001 1582 et
1035 1532 1250 1581 Homer.
1286 1544 1568 1580 assensere.
1570 1534 1667 1579 -3
1701 1529 1839 1580 Ante
1861 1531 1945 1581 hic
1965 1532 2277 1596 legebatur,
2312 1535 2655 1599 praescriptum.

456 1596 573 1645 Sed
564 1611 694 1646 cum
722 1598 820 1645 Ms.
843 1609 1003 1660 mens,
1121 1598 1366 1768 scriptum,
1351 1596 1542 1659 ,idque
1585 1609 1668 1643 res
1694 1595 1941 1658 postulet,
1963 1589 2023 1646 ut
2045 1598 2188 1646 docti
2232 1598 2424 1649 dudum
2449 1615 2653 1649 monue-

434 1666 599 1724 ¹runt,
619 1661 853 1725 recipere
875 1676 978 1711 non
998 1612 1214 1710 dubitav
1303 1660 1434 1725 Reg.
1459 1671 1685 1724 quoque,
1711 1662 2043 1724 perscriptam.
2111 1663 2359 1725 Ryckius.

1451 1773 1665 1836 NOTAE

458 1868 667 1934 utrique
719 1870 882 1919 vitam
940 1870 1183 1935 agebant.
1267 1873 1515 1923 Romulus
1597 1871 1726 1921 rium
1765 1872 1883 1920 anni
1945 1872 2203 1921 intersunt
2253 1886 2366 1921 non
2408 1872 2652 1937 quinque.
2731 1888 2738 1892 ·

459 1942 665 2008 quidem
698 1946 945 2007 palatium
981 1961 1258 2012 occupans,
1278 1953 1334 1996 et
1373 1952 1514 1997 mon-
1595 1947 1885 1997 Daodeeimo
1917 1962 2044 2011 ergo
2077 1947 2132 1996 in
2166 1948 2412 1997 Suetonio
2432 1949 2657 1998 scriben-

459 2026 567 2068 tem
613 2020 848 2082 Coelium,
889 2023 1082 2084 palatio
1136 2021 1512 2086 propinquum3
1596 2023 1751 2071 dum.
1777 2022 1821 2070 si
1842 2020 1977 2071 ratio
1995 2019 2205 2086 quidem
2230 2029 2526 2114 constatura
2554 2029 2652 2072 est.

453 2094 632 2145 Tatius
654 2110 777 2144 vero
801 2095 1131 2159 Capitolium,
1152 2098 1290 2162 quod
1327 2098 1393 2147 ab
1420 2098 1514 2146 ini·
1594 2096 1805 2159 Lipsius.
2603 2110 2613 2120 ‘
2686 2097 2689 2098 ’

454 2170 528 2219 tio
565 2177 795 2234 ceperat,
809 2178 864 2219 et
885 2171 1198 2241 Quirinalem
1221 2172 1442 2222 collem-l

516 2252 544 2277 ⁰
575 2245 887 2308 capitolium]
919 2246 1055 2295 Vide
1078 2253 1226 2297 notas
1244 2262 1322 2297 vr.
1348 2252 1429 2299 12.

514 2326 547 2360 v
560 2347 565 2352 «
579 2320 709 2375 Quos
729 2325 829 2370 tam
865 2322 1094 2372 Claudias
1115 2323 1357 2386 terminos]
1398 2325 1514 2373 ·Fa·

452 2396 554 2447 cile
591 2397 647 2446 id
685 2398 916 2462 cognitu,
950 2398 1068 2463 quia
1104 2413 1187 2447 res
1225 2413 1512 2462 nova,1nec

437 2474 632 2536 *procul
655 2489 687 2521 a
726 2474 1043 2535 temporibus
1086 2473 1292 2533 Taciti;
1328 2480 1386 2523 et
1407 2480 1510 2523 ter-

450 2547 576 2596 mini
600 2547 890 2610 praescripti
913 2548 1162 2611 pomoerio
1183 2549 1351 2599 adhuc
1373 2551 1511 2599 clare

450 2621 783 2686 videbantur,
839 2629 895 2672 et
964 2631 1224 2687 praeterea
1293 2626 1510 2689 publicis

449 2697 579 2747 actis
601 2697 659 2746 id
682 2698 980 2747 mandatum
1005 2706 1137 2749 erat.
1198 2725 1203 2729 -

450 2808 459 2812 -
515 2781 537 2815 ‘¹
571 2774 784 2829 Publicis
800 2775 946 2837 actis]
996 2776 1142 2825 Talia
1183 2776 1510 2840 magnificen-

448 2850 538 2901 tiae
562 2851 783 2915 publicae
823 2861 1155 2902 monumenta
1194 2853 1324 2902 actis
1345 2852 1507 2917 publi-

448 2927 523 2975 cis
540 2927 944 2976 mandabantur:
974 2927 1031 2975 id
1051 2933 1151 2990 est,
1171 2928 1306 2977 actis
1327 2927 1506 2988 Urbis,

448 3014 564 3064 quae
586 3000 830 3064 distingui
845 3000 1039 3050 debent
1052 3001 1116 3049 ab
1135 3001 1263 3050 actis
1279 3008 1506 3063 senatus,

449 3082 505 3126 et
526 3077 593 3125 ab
631 3076 761 3124 actis
793 3076 971 3139 populi
1000 3077 1145 3124 Rom.
1178 3075 1344 3138 Igitur
1377 3083 1504 3126 tem-

445 3152 553 3215 pla,
577 3151 799 3214 theatra,
817 3150 1064 3213 basilicae,
1086 3151 1336 3214 porticus,
1359 3168 1504 3216 aquae

446 3228 650 3289 ductus,
686 3234 743 3276 et
767 3228 917 3277 talia
931 3226 1153 3280 aedificia
1176 3228 1304 3323 actis
1348 3229 1502 3278 Urbis

447 3303 726 3366 descripta.

510 3377 766 3442 ‘Adoptio
785 3378 839 3428 in
864 3378 1154 3442 Domitium]
1185 3379 1329 3429 Tolle
1349 3378 1499 3430 libra-

444 3452 507 3504 rii
552 3467 799 3516 errorem,
837 3454 963 3515 (non
1001 3454 1136 3502 enim
1172 3454 1331 3517 ipsius
1375 3456 1498 3504 Sue·

444 3528 571 3578 tonii
610 3529 780 3594 puto‚)
838 3530 1062 3579 Neronis
1085 3545 1131 3579 c.
1171 3532 1218 3579 ’1.
1284 3530 1499 3580 ‘Unde-

442 3606 577 3653 cimo
614 3607 785 3655 aetatis
810 3621 941 3655 anno
976 3620 1008 3654 a
1030 3606 1249 3655 Claudio
1288 3606 1499 3670 adopta-

441 3685 526 3729 tus
547 3685 646 3741 est,
664 3679 967 3745 Annaeoque
1000 3682 1211 3732 Senecae
1240 3683 1353 3745 jam
1375 3688 1498 3732 tunc

440 3754 663 3803 senatori
728 3756 780 3804 in
857 3756 1179 3820 disciplinam
1244 3751 1496 3807 traditus!

439 3829 737 3893 Adoptatus
802 3833 948 3881 Nero
1001 3833 1266 3883 undecimo
1323 3833 1495 3882 aetatis

439 3908 612 3956 auno?
643 3906 826 3958 falsum
850 3911 930 3958 vel
951 3915 1005 3958 te
1029 3910 1212 3973 judice
1235 3917 1288 3959 et
1311 3909 1498 3972 indice,

440 3982 669 4049 Suetoni.
736 3987 873 4036 Nam
897 3987 1033 4036 idem
1072 3988 1272 4048 scribis,
1295 3987 1493 4037 decimo

440 4059 666 4125 septimo
680 4076 814 4111 anno
840 4063 902 4112 ad
930 4058 1202 4128 imperium
1231 4079 1347 4112 eum
1380 4077 1495 4126 per-

440 4135 662 4199 venisse,
714 4139 852 4203 quod
918 4146 973 4189 et
1022 4140 1230 4189 Tacitus
1280 4146 1337 4187 et
1388 4139 1491 4187 Dio

437 4220 695 4269 astruunt.
751 4215 915 4284 Atqui
932 4217 998 4271 ab
1019 4219 1115 4268 hoc
1138 4215 1223 4266 die
1244 4215 1347 4266 ad
1331 4229 1491 4281 unpe-

1658 2169 2007 2220 ·Aactoritate
2045 2171 2305 2236 Pallantis]
2367 2172 2503 2221 Dum
2552 2171 2678 2223 fuitv

1592 2259 1695 2294 una
1728 2246 2013 2310 eademque
2035 2248 2168 2297 ratio
2194 2254 2249 2297 et
2290 2262 2409 2310 spes
2441 2248 2651 2298 liberto·

1579 2334 1725 2382 rum,
1746 2321 1864 2370 satis
1904 2334 2205 2371 consensere
2230 2321 2282 2371 id
2315 2322 2573 2386 efficienda
2593 2330 2649 2373 et

1590 2395 1946 2445 interficienda
1989 2398 2333 2446 Messallinffi-
2367 2398 2472 2448 Sed
2525 2403 2647 2448 mex

1589 2471 1883 2522 dissensere
1922 2473 2057 2523 inter
2096 2488 2170 2534 se,
2208 2490 2325 2525 cum
2369 2468 2649 2572 deligenda

1588 2546 1693 2597 fuit
1721 2549 1947 2613 principi
1967 2549 2212 2601 foemina.

1652 2623 1795 2673 Dein
1815 2637 1931 2673 cum
1960 2625 2229 2674 Narcissus
2270 2625 2645 2678 animadverte-

1589 2704 1670 2747 ret
1705 2698 2034 2748 ambitionem
2075 2699 2395 2765 Agrippino,
2434 2708 2491 2752 et
2524 2702 2646 2761 moin

1588 2773 1919 2836 adoptionem
1960 2775 2200 2837 Neronis,
2229 2775 2325 2840 qui
2376 2790 2477 2826 non
2534 2767 2643 2829 sine

1586 2864 1780 2899 summo
1820 2850 1999 2899 dolore
2042 2846 2294 2912 Narcissi,
2323 2857 2379 2900 et
2419 2853 2644 2904 omnium

1586 2923 2224 2988 bonorum,intrudebatur
2245 2926 2362 2975 loco
2394 2928 2503 2976 veri
2541 2927 2644 2977 hae·

1585 3000 1725 3048 redis
1777 3000 2088 3062 Britannici,
2143 3000 2298 3048 nimia
2351 3002 2642 3064 cupiditate

1561 3072 1885 3139 ,Agrippinae
1926 3083 1983 3125 et
2016 3076 2267 3125 Pallantis
2306 3077 2568 3171 adulteri
2567 3080 2643 3129 in·

1583 3149 1694 3198 dies
1712 3151 2049 3215 suspectiore.

1648 3229 1822 3278 Quare
1868 3228 1999 3277 infra
2021 3235 2198 3292 aperte
2241 3230 2477 3294 queritur
2507 3234 2642 3285 Nar-.-

1579 3302 1759 3365 cissus,
1780 3304 2037 3352 convictam
2061 3304 2182 3352 olim
2211 3304 2552 3356 'Messeniam
2583 3305 2641 3360 et

1577 3377 1789 3426 Silium:
1819 3393 1960 3440 pares
1995 3378 2169 3428 iterum
2208 3395 2374 3428 causas
2405 3387 2641 3443 esse‚ac*-,

1577 3453 1788 3502 cusandi
1824 3451 2166 3517 Agrippinam
2210 3460 2265 3502 et
2311 3455 2633 3520 Pallantemss

1577 3534 1722 3591 certe,
1772 3544 1832 3577 ne
1878 3529 2225 3591 impudicitiam
2267 3530 2475 3594 quidem
2513 3543 2635 3583 nunc

1578 3603 1734 3652 abesse
1767 3618 1798 3651 a
1838 3604 2131 3668 penatibus,
2165 3611 2221 3654 et
2254 3620 2413 3655 uxore
2448 3598 2638 3673 princiss

1578 3680 1680 3745 pis,
1701 3680 1924 3729 Pallante
1954 3678 2184 3733 adultero.

1583 3792 1588 3797 .
1639 3757 1827 3819 Sicque
1859 3762 2039 3818 aperte
2060 3757 2274 3807 dissidet
2297 3759 2571 3810 Narcissus
2602 3776 2636 3811 a

1577 3832 1836 3894 Pallante,
1855 3846 2041 3895 nempe
2064 3834 2128 3882 ob
2145 3840 2338 3899 metum
2363 3849 2427 3883 ex
2444 3818 2637 3901 Agrip-

1578 3907 1718 3970 pina,
1737 3922 1849 3971 quae
1873 3922 2076 3971 semper
2108 3895 2382 3973 ambitiosa
2403 3918 2460 3961 et
2481 3914 2634 3964 atrox*

1577 3984 1728 4046 odu,
1714 3998 1768 4031 ιιι
1800 3984 1995 4032 caedem
2035 3984 2194 4048 ipsius
2233 3988 2566 4054 properabat,
2589 3987 2634 4081 si

1573 4059 1717 4107 Nero
1739 4058 2066 4121 imperaret.

1637 4134 1709 4183 Et
1751 4140 1895 4184 certe
1955 4140 2074 4198 post
2125 4135 2354 4187 boletum
2408 4139 2632 4202 Claudii,

1571 4222 1802 4280 primum⁷
1814 4208 2011 4260 saeuius
2032 4211 2336 4278 Agrippinae
2359 4213 2460 4264 fuit
2490 4224 2635 4277 mors
2657 4248 2664 4257 ,
