<?xml version="1.0" encoding="UTF-8"?>
<!DOCTYPE html PUBLIC "-//W3C//DTD XHTML 1.0 Transitional//EN"
    "http://www.w3.org/TR/xhtml1/DTD/xhtml1-transitional.dtd">
<html xmlns="http://www.w3.org/1999/xhtml" xml:lang="en" lang="en">
 <head>
  <title>
</title>
<meta http-equiv="Content-Type" content="text/html;charset=utf-8" />
  <meta name='ocr-system' content='tesseract 3.04.00' />
  <meta name='ocr-capabilities' content='ocr_page ocr_carea ocr_par ocr_line ocrx_word'/>
</head>
<body>
  <div class='ocr_page' id='page_1' title='image "./operaomnia05unkngoog/operaomnia05unkngoog_0094.png"; bbox 0 0 3100 4925; ppageno 0'>
   <div class='ocr_carea' id='block_1_1' title="bbox 466 355 644 437">
    <p class='ocr_par' dir='ltr' id='par_1_1' title="bbox 466 355 644 437">
     <span class='ocr_line' id='line_1_1' title="bbox 466 355 644 437; baseline 0.011 -1"><span class='ocrx_word' id='word_1_1' title='bbox 466 355 644 437; x_wconf 63' lang='lat'>1226</span> 
     </span>
    </p>
   </div>
   <div class='ocr_carea' id='block_1_2' title="bbox 462 514 2683 1330">
    <p class='ocr_par' dir='ltr' id='par_1_2' title="bbox 462 514 2683 1330">
     <span class='ocr_line' id='line_1_2' title="bbox 464 514 2682 623; baseline 0.012 -41"><span class='ocrx_word' id='word_1_2' title='bbox 464 514 737 595; x_wconf 62' lang='lat' dir='ltr'>vastati</span> <span class='ocrx_word' id='word_1_3' title='bbox 779 518 943 608; x_wconf 81' lang='lat' dir='ltr'>agri,</span> <span class='ocrx_word' id='word_1_4' title='bbox 999 520 1253 605; x_wconf 78' lang='lat' dir='ltr'>praedae</span> <span class='ocrx_word' id='word_1_5' title='bbox 1302 526 1558 623; x_wconf 82' lang='lat' dir='ltr'>passim</span> <span class='ocrx_word' id='word_1_6' title='bbox 1611 533 1819 609; x_wconf 80' lang='lat' dir='ltr'>actae3</span> <span class='ocrx_word' id='word_1_7' title='bbox 1873 550 2007 594; x_wconf 89' lang='lat' dir='ltr'>non</span> <span class='ocrx_word' id='word_1_8' title='bbox 2055 534 2243 609; x_wconf 75' lang='lat' dir='ltr'>ausis</span> <span class='ocrx_word' id='word_1_9' title='bbox 2284 537 2500 610; x_wconf 81' lang='lat' dir='ltr'>aciem</span> <span class='ocrx_word' id='word_1_10' title='bbox 2526 538 2682 616; x_wconf 69' lang='lat' dir='ltr'>hos-</span> 
     </span>
     <span class='ocr_line' id='line_1_3' title="bbox 465 620 2682 724; baseline 0.012 -41"><span class='ocrx_word' id='word_1_11' title='bbox 465 620 669 698; x_wconf 86' lang='lat' dir='ltr'>tibus,</span> <span class='ocrx_word' id='word_1_12' title='bbox 699 622 829 697; x_wconf 87' lang='lat' dir='ltr'>vel,</span> <span class='ocrx_word' id='word_1_13' title='bbox 862 622 921 685; x_wconf 87' lang='lat' dir='ltr'>si</span> <span class='ocrx_word' id='word_1_14' title='bbox 967 641 1057 686; x_wconf 83' lang='lat' dir='ltr'>ex</span> <span class='ocrx_word' id='word_1_15' title='bbox 1101 626 1363 689; x_wconf 89' lang='lat' dir='ltr'>occulto</span> <span class='ocrx_word' id='word_1_16' title='bbox 1415 648 1692 711; x_wconf 86' lang='lat' dir='ltr'>carpere</span> <span class='ocrx_word' id='word_1_17' title='bbox 1744 652 1982 714; x_wconf 81' lang='lat' dir='ltr'>agmen</span> <span class='ocrx_word' id='word_1_18' title='bbox 2040 640 2385 715; x_wconf 88' lang='lat' dir='ltr'>tentarent,</span> <span class='ocrx_word' id='word_1_19' title='bbox 2445 643 2682 724; x_wconf 87' lang='lat' dir='ltr'>punito</span> 
     </span>
     <span class='ocr_line' id='line_1_4' title="bbox 467 720 2681 820; baseline 0.01 -35"><span class='ocrx_word' id='word_1_20' title='bbox 467 720 645 785; x_wconf 89' lang='lat' dir='ltr'>dolo.</span> <span class='ocrx_word' id='word_1_21' title='bbox 731 721 1018 807; x_wconf 83' lang='lat' dir='ltr'>Jamque</span> <span class='ocrx_word' id='word_1_22' title='bbox 1049 731 1318 790; x_wconf 88' lang='lat' dir='ltr'>ventum</span> <span class='ocrx_word' id='word_1_23' title='bbox 1348 728 1526 793; x_wconf 87' lang='lat' dir='ltr'>haud</span> <span class='ocrx_word' id='word_1_24' title='bbox 1548 733 1782 813; x_wconf 91' lang='lat' dir='ltr'>procul</span> <span class='ocrx_word' id='word_1_25' title='bbox 1812 733 2033 813; x_wconf 78' lang='lat' dir='ltr'>mari‘,b</span> <span class='ocrx_word' id='word_1_26' title='bbox 2058 738 2238 820; x_wconf 90' lang='lat' dir='ltr'>quod</span> <span class='ocrx_word' id='word_1_27' title='bbox 2263 739 2681 806; x_wconf 83' lang='lat' dir='ltr'>Hiberniam·</span> 
     </span>
     <span class='ocr_line' id='line_1_5' title="bbox 462 822 2679 919; baseline 0.009 -30"><span class='ocrx_word' id='word_1_28' title='bbox 462 822 743 901; x_wconf 68' lang='lat' dir='ltr'>insulam</span> <span class='ocrx_word' id='word_1_29' title='bbox 807 832 1148 909; x_wconf 75' lang='lat' dir='ltr'>aspectat3</span> <span class='ocrx_word' id='word_1_30' title='bbox 1208 848 1364 894; x_wconf 86' lang='lat' dir='ltr'>cum</span> <span class='ocrx_word' id='word_1_31' title='bbox 1416 839 1579 898; x_wconf 85' lang='lat' dir='ltr'>ortae</span> <span class='ocrx_word' id='word_1_32' title='bbox 1636 836 1816 918; x_wconf 92' lang='lat' dir='ltr'>apud</span> <span class='ocrx_word' id='word_1_33' title='bbox 1848 837 2231 919; x_wconf 82' lang='lat' dir='ltr'>Brigantas²</span> <span class='ocrx_word' id='word_1_34' title='bbox 2252 836 2280 874; x_wconf 78' lang='lat'>‘¹</span> <span class='ocrx_word' id='word_1_35' title='bbox 2320 842 2679 910; x_wconf 78' lang='lat' dir='ltr'>discordiae</span> 
     </span>
     <span class='ocr_line' id='line_1_6' title="bbox 462 926 2677 1023; baseline 0.01 -38"><span class='ocrx_word' id='word_1_36' title='bbox 462 927 798 1010; x_wconf 80' lang='lat' dir='ltr'>retraxere</span> <span class='ocrx_word' id='word_1_37' title='bbox 830 926 1112 1008; x_wconf 86' lang='lat' dir='ltr'>Ducem,</span> <span class='ocrx_word' id='word_1_38' title='bbox 1164 930 1629 998; x_wconf 82' lang='lat' dir='ltr'>destinationis</span> <span class='ocrx_word' id='word_1_39' title='bbox 1675 943 1949 1022; x_wconf 86' lang='lat' dir='ltr'>certum,</span> <span class='ocrx_word' id='word_1_40' title='bbox 1996 959 2080 1003; x_wconf 91' lang='lat' dir='ltr'>ne</span> <span class='ocrx_word' id='word_1_41' title='bbox 2108 961 2284 1006; x_wconf 88' lang='lat' dir='ltr'>nova</span> <span class='ocrx_word' id='word_1_42' title='bbox 2312 931 2677 1023; x_wconf 79' lang='lat' dir='ltr'>moliretur,</span> 
     </span>
     <span class='ocr_line' id='line_1_7' title="bbox 467 1023 2683 1132; baseline 0.011 -46"><span class='ocrx_word' id='word_1_43' title='bbox 467 1023 600 1089; x_wconf 88' lang='lat' dir='ltr'>nisi</span> <span class='ocrx_word' id='word_1_44' title='bbox 628 1027 957 1108; x_wconf 87' lang='lat' dir='ltr'>prioribus</span> <span class='ocrx_word' id='word_1_45' title='bbox 987 1029 1312 1096; x_wconf 75' lang='lat' dir='ltr'>firmatis-⁸</span> <span class='ocrx_word' id='word_1_46' title='bbox 1397 1034 1485 1099; x_wconf 90' lang='lat' dir='ltr'>Et</span> <span class='ocrx_word' id='word_1_47' title='bbox 1529 1036 1881 1119; x_wconf 85' lang='lat' dir='ltr'>Brigantes</span> <span class='ocrx_word' id='word_1_48' title='bbox 1925 1040 2215 1122; x_wconf 89' lang='lat' dir='ltr'>quidem,</span> <span class='ocrx_word' id='word_1_49' title='bbox 2260 1047 2527 1126; x_wconf 81' lang='lat' dir='ltr'>paucis,</span> <span class='ocrx_word' id='word_1_50' title='bbox 2566 1041 2683 1132; x_wconf 73' lang='lat' dir='ltr'>qui</span> 
     </span>
     <span class='ocr_line' id='line_1_8' title="bbox 469 1134 2679 1221; baseline 0.011 -32"><span class='ocrx_word' id='word_1_51' title='bbox 469 1137 656 1190; x_wconf 88' lang='lat' dir='ltr'>arma</span> <span class='ocrx_word' id='word_1_52' title='bbox 680 1137 1084 1213; x_wconf 88' lang='lat' dir='ltr'>coeptarant,</span> <span class='ocrx_word' id='word_1_53' title='bbox 1105 1134 1489 1214; x_wconf 80' lang='lat' dir='ltr'>interfectiS,</span> <span class='ocrx_word' id='word_1_54' title='bbox 1507 1138 1574 1202; x_wconf 90' lang='lat' dir='ltr'>in</span> <span class='ocrx_word' id='word_1_55' title='bbox 1595 1139 1891 1221; x_wconf 88' lang='lat' dir='ltr'>reliquos</span> <span class='ocrx_word' id='word_1_56' title='bbox 1918 1141 2077 1205; x_wconf 89' lang='lat' dir='ltr'>data</span> <span class='ocrx_word' id='word_1_57' title='bbox 2101 1144 2319 1221; x_wconf 88' lang='lat' dir='ltr'>venia,</span> <span class='ocrx_word' id='word_1_58' title='bbox 2344 1146 2679 1213; x_wconf 87' lang='lat' dir='ltr'>resedere:</span> 
     </span>
     <span class='ocr_line' id='line_1_9' title="bbox 470 1226 2679 1330; baseline 0.01 -39"><span class='ocrx_word' id='word_1_59' title='bbox 470 1226 787 1294; x_wconf 77' lang='lat' dir='ltr'>Silurumf</span> <span class='ocrx_word' id='word_1_60' title='bbox 835 1252 1018 1314; x_wconf 66' lang='lat' dir='ltr'>gens»,</span> <span class='ocrx_word' id='word_1_61' title='bbox 1072 1255 1204 1301; x_wconf 88' lang='lat' dir='ltr'>non</span> <span class='ocrx_word' id='word_1_62' title='bbox 1261 1238 1624 1318; x_wconf 81' lang='lat' dir='ltr'>atrocitate,</span> <span class='ocrx_word' id='word_1_63' title='bbox 1685 1262 1817 1306; x_wconf 88' lang='lat' dir='ltr'>non</span> <span class='ocrx_word' id='word_1_64' title='bbox 1873 1244 2219 1309; x_wconf 88' lang='lat' dir='ltr'>clementia</span> <span class='ocrx_word' id='word_1_65' title='bbox 2278 1249 2679 1330; x_wconf 88' lang='lat' dir='ltr'>mutabatur,</span> 
     </span>
    </p>
   </div>
   <div class='ocr_carea' id='block_1_3' title="bbox 1171 379 2684 474">
    <p class='ocr_par' dir='ltr' id='par_1_3' title="bbox 1171 379 2684 474">
     <span class='ocr_line' id='line_1_10' title="bbox 1171 379 2684 474; baseline 0.014 -45"><span class='ocrx_word' id='word_1_66' title='bbox 1171 380 1239 438; x_wconf 72' lang='lat' dir='ltr'>G·</span> <span class='ocrx_word' id='word_1_67' title='bbox 1284 379 1649 430; x_wconf 76' lang='lat' dir='ltr'>CORNELII</span> <span class='ocrx_word' id='word_1_68' title='bbox 1696 379 1952 434; x_wconf 67' lang='lat' dir='ltr'>&#39;raom</span> <span class='ocrx_word' id='word_1_69' title='bbox 1969 427 1982 436; x_wconf 74' lang='lat'>.</span> <span class='ocrx_word' id='word_1_70' title='bbox 2352 394 2445 461; x_wconf 84' lang='lat' dir='ltr'>[A.</span> <span class='ocrx_word' id='word_1_71' title='bbox 2469 396 2538 450; x_wconf 83' lang='lat' dir='ltr'>U.</span> <span class='ocrx_word' id='word_1_72' title='bbox 2563 400 2684 474; x_wconf 43' lang='grc' dir='ltr'>βοῇ</span> 
     </span>
    </p>
   </div>
   <div class='ocr_carea' id='block_1_4' title="bbox 463 1424 2687 1769">
    <p class='ocr_par' dir='ltr' id='par_1_4' title="bbox 463 1424 2687 1769">
     <span class='ocr_line' id='line_1_11' title="bbox 467 1424 2682 1510; baseline 0.009 -38"><span class='ocrx_word' id='word_1_73' title='bbox 467 1424 694 1487; x_wconf 71' lang='lat' dir='ltr'>hostibus,</span> <span class='ocrx_word' id='word_1_74' title='bbox 716 1427 853 1476; x_wconf 76' lang='lat' dir='ltr'>celsi</span> <span class='ocrx_word' id='word_1_75' title='bbox 874 1444 937 1478; x_wconf 77' lang='lat' dir='ltr'>ex</span> <span class='ocrx_word' id='word_1_76' title='bbox 969 1432 1160 1490; x_wconf 80' lang='lat' dir='ltr'>insidiis</span> <span class='ocrx_word' id='word_1_77' title='bbox 1196 1435 1417 1486; x_wconf 71' lang='lat' dir='ltr'>lacesseoe</span> <span class='ocrx_word' id='word_1_78' title='bbox 1453 1453 1624 1500; x_wconf 57' lang='grc' dir='ltr'>σξηοενε</span> <span class='ocrx_word' id='word_1_79' title='bbox 1645 1440 1887 1501; x_wconf 82' lang='lat' dir='ltr'>auderent,</span> <span class='ocrx_word' id='word_1_80' title='bbox 1903 1441 2072 1504; x_wconf 75' lang='lat' dir='ltr'>punita</span> <span class='ocrx_word' id='word_1_81' title='bbox 2084 1443 2281 1503; x_wconf 80' lang='lat' dir='ltr'>fraude.</span> <span class='ocrx_word' id='word_1_82' title='bbox 2350 1446 2553 1510; x_wconf 81' lang='lat' dir='ltr'>Jamque</span> <span class='ocrx_word' id='word_1_83' title='bbox 2569 1458 2682 1509; x_wconf 83' lang='lat' dir='ltr'>per·</span> 
     </span>
     <span class='ocr_line' id='line_1_12' title="bbox 467 1490 2686 1569; baseline 0.01 -32"><span class='ocrx_word' id='word_1_84' title='bbox 467 1496 655 1539; x_wconf 77' lang='lat' dir='ltr'>ventum</span> <span class='ocrx_word' id='word_1_85' title='bbox 667 1490 778 1567; x_wconf 66' lang='lat' dir='ltr'>fere</span> <span class='ocrx_word' id='word_1_86' title='bbox 800 1499 901 1543; x_wconf 80' lang='lat' dir='ltr'>erat</span> <span class='ocrx_word' id='word_1_87' title='bbox 921 1498 985 1544; x_wconf 82' lang='lat' dir='ltr'>ad</span> <span class='ocrx_word' id='word_1_88' title='bbox 1001 1500 1216 1561; x_wconf 79' lang='lat' dir='ltr'>pelagus,</span> <span class='ocrx_word' id='word_1_89' title='bbox 1232 1503 1352 1563; x_wconf 80' lang='lat' dir='ltr'>quod</span> <span class='ocrx_word' id='word_1_90' title='bbox 1369 1502 1656 1552; x_wconf 79' lang='lat' dir='ltr'>Hiberniam</span> <span class='ocrx_word' id='word_1_91' title='bbox 1671 1505 1873 1554; x_wconf 76' lang='lat' dir='ltr'>insulam</span> <span class='ocrx_word' id='word_1_92' title='bbox 1890 1507 2083 1569; x_wconf 78' lang='lat' dir='ltr'>respicit</span> <span class='ocrx_word' id='word_1_93' title='bbox 2100 1523 2120 1564; x_wconf 86' lang='lat'>,·</span> <span class='ocrx_word' id='word_1_94' title='bbox 2156 1524 2258 1555; x_wconf 81' lang='lat' dir='ltr'>cum</span> <span class='ocrx_word' id='word_1_95' title='bbox 2280 1510 2374 1557; x_wconf 82' lang='lat' dir='ltr'>orti</span> <span class='ocrx_word' id='word_1_96' title='bbox 2401 1511 2516 1557; x_wconf 86' lang='lat' dir='ltr'>novi</span> <span class='ocrx_word' id='word_1_97' title='bbox 2533 1512 2686 1558; x_wconf 74' lang='lat' dir='ltr'>motu⁸</span> 
     </span>
     <span class='ocr_line' id='line_1_13' title="bbox 467 1556 2684 1636; baseline 0.011 -36"><span class='ocrx_word' id='word_1_98' title='bbox 467 1556 613 1630; x_wconf 38' lang='lat' dir='ltr'>apic-d.</span> <span class='ocrx_word' id='word_1_99' title='bbox 631 1556 916 1633; x_wconf 64' lang='lat' dir='ltr'>Brigantes,</span> <span class='ocrx_word' id='word_1_100' title='bbox 954 1575 1225 1612; x_wconf 73' lang='lat' dir='ltr'>revocat-ere</span> <span class='ocrx_word' id='word_1_101' title='bbox 1248 1567 1430 1626; x_wconf 81' lang='lat' dir='ltr'>ducem,</span> <span class='ocrx_word' id='word_1_102' title='bbox 1452 1568 1638 1616; x_wconf 78' lang='lat' dir='ltr'>consilii</span> <span class='ocrx_word' id='word_1_103' title='bbox 1662 1575 1858 1629; x_wconf 82' lang='lat' dir='ltr'>certum,</span> <span class='ocrx_word' id='word_1_104' title='bbox 1875 1585 1934 1619; x_wconf 81' lang='lat' dir='ltr'>ne</span> <span class='ocrx_word' id='word_1_105' title='bbox 1953 1585 2027 1619; x_wconf 81' lang='lat' dir='ltr'>res</span> <span class='ocrx_word' id='word_1_106' title='bbox 2048 1587 2188 1620; x_wconf 76' lang='lat' dir='ltr'>novas</span> <span class='ocrx_word' id='word_1_107' title='bbox 2208 1578 2430 1636; x_wconf 75' lang='lat' dir='ltr'>tentaret,</span> <span class='ocrx_word' id='word_1_108' title='bbox 2449 1574 2543 1622; x_wconf 79' lang='lat' dir='ltr'>nisi</span> <span class='ocrx_word' id='word_1_109' title='bbox 2563 1590 2684 1623; x_wconf 84' lang='lat' dir='ltr'>com·</span> 
     </span>
     <span class='ocr_line' id='line_1_14' title="bbox 463 1623 2683 1701; baseline 0.011 -37"><span class='ocrx_word' id='word_1_110' title='bbox 463 1623 637 1695; x_wconf 58' lang='lat' dir='ltr'>positis</span> <span class='ocrx_word' id='word_1_111' title='bbox 657 1630 727 1669; x_wconf 80' lang='lat' dir='ltr'>vet</span> <span class='ocrx_word' id='word_1_112' title='bbox 735 1623 904 1673; x_wconf 72' lang='lat' dir='ltr'>eribus.</span> <span class='ocrx_word' id='word_1_113' title='bbox 974 1627 1043 1675; x_wconf 83' lang='lat' dir='ltr'>Et</span> <span class='ocrx_word' id='word_1_114' title='bbox 1064 1627 1330 1688; x_wconf 72' lang='lat' dir='ltr'>Brigantes</span> <span class='ocrx_word' id='word_1_115' title='bbox 1350 1631 1559 1693; x_wconf 77' lang='lat' dir='ltr'>quidem,</span> <span class='ocrx_word' id='word_1_116' title='bbox 1580 1632 1741 1694; x_wconf 81' lang='lat' dir='ltr'>paucis</span> <span class='ocrx_word' id='word_1_117' title='bbox 1760 1634 2041 1697; x_wconf 70' lang='lat' dir='ltr'>inter-emtis,</span> <span class='ocrx_word' id='word_1_118' title='bbox 2061 1637 2141 1698; x_wconf 79' lang='lat' dir='ltr'>qui</span> <span class='ocrx_word' id='word_1_119' title='bbox 2171 1637 2339 1686; x_wconf 77' lang='lat' dir='ltr'>bellum</span> <span class='ocrx_word' id='word_1_120' title='bbox 2377 1638 2683 1701; x_wconf 73' lang='lat' dir='ltr'>incipiebant,</span> 
     </span>
     <span class='ocr_line' id='line_1_15' title="bbox 469 1687 2687 1769; baseline 0.011 -40"><span class='ocrx_word' id='word_1_121' title='bbox 469 1687 638 1734; x_wconf 71' lang='lat' dir='ltr'>ceteris</span> <span class='ocrx_word' id='word_1_122' title='bbox 652 1700 862 1762; x_wconf 71' lang='lat' dir='ltr'>concessa</span> <span class='ocrx_word' id='word_1_123' title='bbox 885 1689 1039 1755; x_wconf 82' lang='lat' dir='ltr'>venia,</span> <span class='ocrx_word' id='word_1_124' title='bbox 1073 1692 1302 1755; x_wconf 70' lang='lat' dir='ltr'>quiet-ere.</span> <span class='ocrx_word' id='word_1_125' title='bbox 1371 1695 1523 1746; x_wconf 80' lang='lat' dir='ltr'>Natio</span> <span class='ocrx_word' id='word_1_126' title='bbox 1545 1695 1774 1762; x_wconf 69' lang='lat' dir='ltr'>Silurum,</span> <span class='ocrx_word' id='word_1_127' title='bbox 1795 1714 1939 1762; x_wconf 75' lang='lat' dir='ltr'>neque</span> <span class='ocrx_word' id='word_1_128' title='bbox 1957 1701 2161 1765; x_wconf 73' lang='lat' dir='ltr'>soeviiia,</span> <span class='ocrx_word' id='word_1_129' title='bbox 2182 1716 2324 1765; x_wconf 80' lang='lat' dir='ltr'>neque</span> <span class='ocrx_word' id='word_1_130' title='bbox 2358 1704 2555 1753; x_wconf 75' lang='lat' dir='ltr'>lenitate</span> <span class='ocrx_word' id='word_1_131' title='bbox 2562 1705 2687 1769; x_wconf 80' lang='lat' dir='ltr'>flea·</span> 
     </span>
    </p>
   </div>
   <div class='ocr_carea' id='block_1_5' title="bbox 1416 1831 1776 1885">
    <p class='ocr_par' dir='ltr' id='par_1_5' title="bbox 1416 1831 1776 1885">
     <span class='ocr_line' id='line_1_16' title="bbox 1416 1831 1776 1863; baseline 0.011 -4"><span class='ocrx_word' id='word_1_132' title='bbox 1416 1831 1776 1863; x_wconf 47' lang='lat' dir='ltr'>eeeeeeeeeeee</span> 
     </span>
     <span class='ocr_line' id='line_1_17' title="bbox 1705 1875 1718 1885; baseline 0 -1"><span class='ocrx_word' id='word_1_133' title='bbox 1705 1875 1718 1885; x_wconf 87' lang='lat'>.</span> 
     </span>
    </p>
   </div>
   <div class='ocr_carea' id='block_1_6' title="bbox 456 1906 2688 2057">
    <p class='ocr_par' dir='ltr' id='par_1_6' title="bbox 456 1906 2688 2057">
     <span class='ocr_line' id='line_1_18' title="bbox 470 1906 2688 1990; baseline 0.009 -32"><span class='ocrx_word' id='word_1_134' title='bbox 470 1906 718 1983; x_wconf 62' lang='lat' dir='ltr'>Pichenae</span> <span class='ocrx_word' id='word_1_135' title='bbox 758 1921 813 1990; x_wconf 77' lang='lat' dir='ltr'>et</span> <span class='ocrx_word' id='word_1_136' title='bbox 847 1917 1072 1969; x_wconf 83' lang='lat' dir='ltr'>Ernesto</span> <span class='ocrx_word' id='word_1_137' title='bbox 1092 1921 1309 1984; x_wconf 84' lang='lat' dir='ltr'>placuit.</span> <span class='ocrx_word' id='word_1_138' title='bbox 1345 1924 1563 1976; x_wconf 79' lang='lat' dir='ltr'>Brotier.</span> <span class='ocrx_word' id='word_1_139' title='bbox 1632 1928 1923 1979; x_wconf 79' lang='lat' dir='ltr'>Gronovius</span> <span class='ocrx_word' id='word_1_140' title='bbox 1945 1944 2061 1979; x_wconf 87' lang='lat' dir='ltr'>cum</span> <span class='ocrx_word' id='word_1_141' title='bbox 2084 1930 2320 1981; x_wconf 83' lang='lat' dir='ltr'>omnibns</span> <span class='ocrx_word' id='word_1_142' title='bbox 2339 1930 2490 1981; x_wconf 85' lang='lat' dir='ltr'>editis</span> <span class='ocrx_word' id='word_1_143' title='bbox 2514 1931 2688 1980; x_wconf 90' lang='lat' dir='ltr'>omisit</span> 
     </span>
     <span class='ocr_line' id='line_1_19' title="bbox 456 1976 2684 2057; baseline 0.012 -37"><span class='ocrx_word' id='word_1_144' title='bbox 456 1976 693 2028; x_wconf 57' lang='lat' dir='ltr'>anda—2</span> <span class='ocrx_word' id='word_1_145' title='bbox 725 1979 812 2029; x_wconf 77' lang='lat' dir='ltr'>Sic</span> <span class='ocrx_word' id='word_1_146' title='bbox 837 1982 942 2034; x_wconf 85' lang='lat' dir='ltr'>Ms.</span> <span class='ocrx_word' id='word_1_147' title='bbox 968 1985 1124 2035; x_wconf 83' lang='lat' dir='ltr'>Corb.</span> <span class='ocrx_word' id='word_1_148' title='bbox 1151 1993 1204 2035; x_wconf 86' lang='lat' dir='ltr'>et</span> <span class='ocrx_word' id='word_1_149' title='bbox 1226 1987 1388 2039; x_wconf 74' lang='lat' dir='ltr'>editio</span> <span class='ocrx_word' id='word_1_150' title='bbox 1413 1991 1680 2055; x_wconf 83' lang='lat' dir='ltr'>princeps.</span> <span class='ocrx_word' id='word_1_151' title='bbox 1764 1994 2084 2044; x_wconf 87' lang='lat' dir='ltr'>Puteolanus</span> <span class='ocrx_word' id='word_1_152' title='bbox 2115 1995 2395 2057; x_wconf 71' lang='lat' dir='ltr'>Brigantes.</span> <span class='ocrx_word' id='word_1_153' title='bbox 2462 1995 2684 2046; x_wconf 72' lang='lat' dir='ltr'>Vas-iant</span> 
     </span>
    </p>
   </div>
   <div class='ocr_carea' id='block_1_7' title="bbox 1467 2135 1756 2188">
    <p class='ocr_par' dir='ltr' id='par_1_7' title="bbox 1467 2135 1756 2188">
     <span class='ocr_line' id='line_1_20' title="bbox 1467 2135 1756 2188; baseline 0.01 -3"><span class='ocrx_word' id='word_1_154' title='bbox 1467 2135 1688 2187; x_wconf 81' lang='lat' dir='ltr'>NOTAE</span> <span class='ocrx_word' id='word_1_155' title='bbox 1752 2183 1756 2188; x_wconf 83' lang='lat'>.</span> 
     </span>
    </p>
   </div>
   <div class='ocr_carea' id='block_1_8' title="bbox 3099 971 3100 1558">
    <p class='ocr_par' dir='ltr' id='par_1_8' title="bbox 3099 971 3100 1558">
     <span class='ocr_line' id='line_1_21' title="bbox 3099 971 3100 1558; baseline 0 0"><span class='ocrx_word' id='word_1_156' title='bbox 3099 971 3100 1558; x_wconf 95' lang='lat' dir='ltr'> </span> 
     </span>
    </p>
   </div>
   <div class='ocr_carea' id='block_1_9' title="bbox 464 2253 1540 3312">
    <p class='ocr_par' dir='ltr' id='par_1_9' title="bbox 464 2253 1540 2484">
     <span class='ocr_line' id='line_1_22' title="bbox 471 2253 1540 2325; baseline 0.019 -24"><span class='ocrx_word' id='word_1_157' title='bbox 471 2253 887 2307; x_wconf 88' lang='lat' dir='ltr'>Promontorinm</span> <span class='ocrx_word' id='word_1_158' title='bbox 908 2265 1194 2325; x_wconf 72' lang='grc' dir='ltr'>Καγγανῶν,</span> <span class='ocrx_word' id='word_1_159' title='bbox 1223 2265 1380 2318; x_wconf 85' lang='lat' dir='ltr'>etiam</span> <span class='ocrx_word' id='word_1_160' title='bbox 1413 2269 1540 2319; x_wconf 90' lang='lat' dir='ltr'>Pto·</span> 
     </span>
     <span class='ocr_line' id='line_1_23' title="bbox 470 2330 1538 2406; baseline 0.017 -29"><span class='ocrx_word' id='word_1_161' title='bbox 470 2330 681 2380; x_wconf 83' lang='lat' dir='ltr'>lemaeus</span> <span class='ocrx_word' id='word_1_162' title='bbox 724 2333 776 2381; x_wconf 88' lang='lat' dir='ltr'>in</span> <span class='ocrx_word' id='word_1_163' title='bbox 819 2336 1091 2389; x_wconf 83' lang='lat' dir='ltr'>Britannia</span> <span class='ocrx_word' id='word_1_164' title='bbox 1132 2343 1365 2406; x_wconf 81' lang='lat' dir='ltr'>agnoscit</span> <span class='ocrx_word' id='word_1_165' title='bbox 1391 2361 1406 2394; x_wconf 67' lang='grc' dir='ltr'><em>τ</em></span> <span class='ocrx_word' id='word_1_166' title='bbox 1445 2347 1538 2395; x_wconf 84' lang='lat' dir='ltr'>sed</span> 
     </span>
     <span class='ocr_line' id='line_1_24' title="bbox 464 2404 1537 2484; baseline 0.02 -33"><span class='ocrx_word' id='word_1_167' title='bbox 464 2404 559 2474; x_wconf 71' lang='lat' dir='ltr'>qui</span> <span class='ocrx_word' id='word_1_168' title='bbox 581 2405 775 2458; x_wconf 86' lang='lat' dir='ltr'>fuerint</span> <span class='ocrx_word' id='word_1_169' title='bbox 797 2414 1006 2476; x_wconf 80' lang='lat' dir='ltr'>proprie</span> <span class='ocrx_word' id='word_1_170' title='bbox 1027 2415 1077 2464; x_wconf 85' lang='lat' dir='ltr'>hi</span> <span class='ocrx_word' id='word_1_171' title='bbox 1102 2418 1298 2484; x_wconf 86' lang='lat' dir='ltr'>populi,</span> <span class='ocrx_word' id='word_1_172' title='bbox 1314 2426 1537 2472; x_wconf 86' lang='lat' dir='ltr'>certant.</span> 
     </span>
    </p>

    <p class='ocr_par' dir='ltr' id='par_1_10' title="bbox 464 2483 1538 2852">
     <span class='ocr_line' id='line_1_25' title="bbox 535 2483 1538 2563; baseline 0.019 -33"><span class='ocrx_word' id='word_1_173' title='bbox 535 2483 650 2544; x_wconf 84' lang='lat' dir='ltr'>Ego</span> <span class='ocrx_word' id='word_1_174' title='bbox 671 2485 768 2535; x_wconf 85' lang='lat' dir='ltr'>boc</span> <span class='ocrx_word' id='word_1_175' title='bbox 792 2489 916 2551; x_wconf 89' lang='lat' dir='ltr'>scio,</span> <span class='ocrx_word' id='word_1_176' title='bbox 958 2492 1151 2542; x_wconf 83' lang='lat' dir='ltr'>vicinos</span> <span class='ocrx_word' id='word_1_177' title='bbox 1175 2495 1346 2545; x_wconf 88' lang='lat' dir='ltr'>Icenis</span> <span class='ocrx_word' id='word_1_178' title='bbox 1365 2497 1538 2563; x_wconf 82' lang='lat' dir='ltr'>fuisse,</span> 
     </span>
     <span class='ocr_line' id='line_1_26' title="bbox 466 2559 1536 2625; baseline 0.021 -22"><span class='ocrx_word' id='word_1_179' title='bbox 466 2561 527 2605; x_wconf 86' lang='lat' dir='ltr'>et</span> <span class='ocrx_word' id='word_1_180' title='bbox 549 2571 667 2605; x_wconf 89' lang='lat' dir='ltr'>eum</span> <span class='ocrx_word' id='word_1_181' title='bbox 702 2559 765 2608; x_wconf 84' lang='lat' dir='ltr'>iis</span> <span class='ocrx_word' id='word_1_182' title='bbox 803 2563 1151 2616; x_wconf 87' lang='lat' dir='ltr'>restituendos</span> <span class='ocrx_word' id='word_1_183' title='bbox 1190 2570 1384 2621; x_wconf 72' lang='lat' dir='ltr'>Caesari</span> <span class='ocrx_word' id='word_1_184' title='bbox 1422 2574 1457 2623; x_wconf 89' lang='lat' dir='ltr'>l.</span> <span class='ocrx_word' id='word_1_185' title='bbox 1479 2588 1536 2625; x_wconf 83' lang='lat' dir='ltr'>v.</span> 
     </span>
     <span class='ocr_line' id='line_1_27' title="bbox 464 2633 1537 2714; baseline 0.015 -32"><span class='ocrx_word' id='word_1_186' title='bbox 464 2633 729 2697; x_wconf 84' lang='lat' dir='ltr'>Corrupte</span> <span class='ocrx_word' id='word_1_187' title='bbox 745 2639 879 2686; x_wconf 87' lang='lat' dir='ltr'>enim</span> <span class='ocrx_word' id='word_1_188' title='bbox 894 2640 967 2690; x_wconf 90' lang='lat' dir='ltr'>ibi</span> <span class='ocrx_word' id='word_1_189' title='bbox 992 2641 1134 2706; x_wconf 82' lang='lat' dir='ltr'>legas</span> <span class='ocrx_word' id='word_1_190' title='bbox 1155 2661 1167 2694; x_wconf 74' lang='grc' dir='ltr'><strong><em>ε</em></strong></span> <span class='ocrx_word' id='word_1_191' title='bbox 1187 2646 1202 2672; x_wconf 92' lang='lat'>‘</span> <span class='ocrx_word' id='word_1_192' title='bbox 1217 2646 1537 2714; x_wconf 82' lang='lat' dir='ltr'>Cenimagni,</span> 
     </span>
     <span class='ocr_line' id='line_1_28' title="bbox 471 2710 1537 2789; baseline 0.016 -30"><span class='ocrx_word' id='word_1_193' title='bbox 471 2710 787 2777; x_wconf 85' lang='lat' dir='ltr'>Segontiaci,</span> <span class='ocrx_word' id='word_1_194' title='bbox 818 2716 1077 2780; x_wconf 84' lang='lat' dir='ltr'>Bribroci,</span> <span class='ocrx_word' id='word_1_195' title='bbox 1116 2723 1284 2771; x_wconf 86' lang='lat' dir='ltr'>missis</span> <span class='ocrx_word' id='word_1_196' title='bbox 1321 2724 1537 2789; x_wconf 79' lang='lat' dir='ltr'>legatio-</span> 
     </span>
     <span class='ocr_line' id='line_1_29' title="bbox 466 2787 1370 2852; baseline 0.018 -17"><span class='ocrx_word' id='word_1_197' title='bbox 466 2787 640 2852; x_wconf 77' lang='lat' dir='ltr'>nibus,</span> <span class='ocrx_word' id='word_1_198' title='bbox 664 2805 776 2839; x_wconf 85' lang='lat' dir='ltr'>sese</span> <span class='ocrx_word' id='word_1_199' title='bbox 801 2793 995 2843; x_wconf 83' lang='lat' dir='ltr'>Caesari</span> <span class='ocrx_word' id='word_1_200' title='bbox 1018 2796 1370 2852; x_wconf 82' lang='lat' dir='ltr'>dediderunt.’</span> 
     </span>
    </p>

    <p class='ocr_par' dir='ltr' id='par_1_11' title="bbox 470 2863 1539 3312">
     <span class='ocr_line' id='line_1_30' title="bbox 536 2863 1536 2938; baseline 0.015 -24"><span class='ocrx_word' id='word_1_201' title='bbox 536 2863 672 2914; x_wconf 82' lang='lat' dir='ltr'>Nam</span> <span class='ocrx_word' id='word_1_202' title='bbox 696 2865 1000 2932; x_wconf 82' lang='lat' dir='ltr'>Cenimagni</span> <span class='ocrx_word' id='word_1_203' title='bbox 1024 2885 1274 2938; x_wconf 84' lang='lat' dir='ltr'>nusquam</span> <span class='ocrx_word' id='word_1_204' title='bbox 1297 2876 1424 2927; x_wconf 90' lang='lat' dir='ltr'>lecti</span> <span class='ocrx_word' id='word_1_205' title='bbox 1461 2879 1536 2929; x_wconf 90' lang='lat' dir='ltr'>in·</span> 
     </span>
     <span class='ocr_line' id='line_1_31' title="bbox 471 2940 1537 3006; baseline 0.018 -20"><span class='ocrx_word' id='word_1_206' title='bbox 471 2945 553 2988; x_wconf 84' lang='lat' dir='ltr'>ter</span> <span class='ocrx_word' id='word_1_207' title='bbox 575 2940 863 2992; x_wconf 77' lang='lat' dir='ltr'>Britanniae</span> <span class='ocrx_word' id='word_1_208' title='bbox 886 2953 1082 3006; x_wconf 81' lang='lat' dir='ltr'>gentes.</span> <span class='ocrx_word' id='word_1_209' title='bbox 1127 2950 1316 3001; x_wconf 83' lang='lat' dir='ltr'>Divido</span> <span class='ocrx_word' id='word_1_210' title='bbox 1334 2959 1389 3001; x_wconf 90' lang='lat' dir='ltr'>et</span> <span class='ocrx_word' id='word_1_211' title='bbox 1412 2955 1537 3004; x_wconf 88' lang='lat' dir='ltr'>scri·</span> 
     </span>
     <span class='ocr_line' id='line_1_32' title="bbox 470 3014 1536 3092; baseline 0.019 -31"><span class='ocrx_word' id='word_1_212' title='bbox 470 3014 556 3076; x_wconf 90' lang='lat' dir='ltr'>bo,</span> <span class='ocrx_word' id='word_1_213' title='bbox 573 3016 726 3079; x_wconf 81' lang='lat' dir='ltr'>Iceni,</span> <span class='ocrx_word' id='word_1_214' title='bbox 753 3019 931 3080; x_wconf 75' lang='lat' dir='ltr'>Gangi.</span> <span class='ocrx_word' id='word_1_215' title='bbox 1022 3024 1186 3088; x_wconf 88' lang='lat' dir='ltr'>Capio</span> <span class='ocrx_word' id='word_1_216' title='bbox 1201 3027 1438 3090; x_wconf 86' lang='lat' dir='ltr'>judicem</span> <span class='ocrx_word' id='word_1_217' title='bbox 1462 3037 1536 3092; x_wconf 93' lang='lat' dir='ltr'>te,</span> 
     </span>
     <span class='ocr_line' id='line_1_33' title="bbox 474 3090 1536 3164; baseline 0.019 -27"><span class='ocrx_word' id='word_1_218' title='bbox 474 3090 734 3141; x_wconf 88' lang='lat' dir='ltr'>Gulielme</span> <span class='ocrx_word' id='word_1_219' title='bbox 780 3094 1057 3162; x_wconf 86' lang='lat' dir='ltr'>Camdene,</span> <span class='ocrx_word' id='word_1_220' title='bbox 1107 3101 1196 3164; x_wconf 90' lang='lat' dir='ltr'>qui</span> <span class='ocrx_word' id='word_1_221' title='bbox 1246 3103 1536 3157; x_wconf 73' lang='lat' dir='ltr'>Britanniae</span> 
     </span>
     <span class='ocr_line' id='line_1_34' title="bbox 472 3164 1539 3247; baseline 0.021 -36"><span class='ocrx_word' id='word_1_222' title='bbox 472 3170 578 3214; x_wconf 79' lang='lat' dir='ltr'>tuae</span> <span class='ocrx_word' id='word_1_223' title='bbox 596 3164 831 3233; x_wconf 81' lang='lat' dir='ltr'>nebulas,</span> <span class='ocrx_word' id='word_1_224' title='bbox 850 3171 993 3221; x_wconf 78' lang='lat' dir='ltr'>claro</span> <span class='ocrx_word' id='word_1_225' title='bbox 1014 3173 1208 3240; x_wconf 84' lang='lat' dir='ltr'>ingenii</span> <span class='ocrx_word' id='word_1_226' title='bbox 1226 3179 1355 3244; x_wconf 85' lang='lat' dir='ltr'>sole,</span> <span class='ocrx_word' id='word_1_227' title='bbox 1371 3179 1539 3247; x_wconf 83' lang='lat' dir='ltr'>nuper</span> 
     </span>
     <span class='ocr_line' id='line_1_35' title="bbox 472 3241 1018 3312; baseline 0.018 -23"><span class='ocrx_word' id='word_1_228' title='bbox 472 3241 766 3295; x_wconf 83' lang='lat' dir='ltr'>illustrasti.</span> <span class='ocrx_word' id='word_1_229' title='bbox 808 3248 1018 3312; x_wconf 76' lang='lat' dir='ltr'>Lipsius.</span> 
     </span>
    </p>
   </div>
   <div class='ocr_carea' id='block_1_10' title="bbox 472 3320 1540 3461">
    <p class='ocr_par' dir='ltr' id='par_1_12' title="bbox 472 3320 1540 3461">
     <span class='ocr_line' id='line_1_36' title="bbox 531 3320 1540 3395; baseline 0.017 -27"><span class='ocrx_word' id='word_1_230' title='bbox 531 3320 740 3387; x_wconf 72' lang='lat' dir='ltr'>Gangas]</span> <span class='ocrx_word' id='word_1_231' title='bbox 751 3323 910 3373; x_wconf 88' lang='lat' dir='ltr'>Forte</span> <span class='ocrx_word' id='word_1_232' title='bbox 931 3328 1166 3392; x_wconf 78' lang='lat' dir='ltr'>Gangani,</span> <span class='ocrx_word' id='word_1_233' title='bbox 1177 3333 1356 3395; x_wconf 88' lang='lat' dir='ltr'>populi</span> <span class='ocrx_word' id='word_1_234' title='bbox 1369 3334 1540 3384; x_wconf 87' lang='lat' dir='ltr'>Ordo-</span> 
     </span>
     <span class='ocr_line' id='line_1_37' title="bbox 472 3394 1539 3461; baseline 0.018 -18"><span class='ocrx_word' id='word_1_235' title='bbox 472 3394 642 3445; x_wconf 83' lang='lat' dir='ltr'>vicum</span> <span class='ocrx_word' id='word_1_236' title='bbox 665 3399 970 3461; x_wconf 84' lang='lat' dir='ltr'>populorum</span> <span class='ocrx_word' id='word_1_237' title='bbox 993 3403 1046 3451; x_wconf 89' lang='lat' dir='ltr'>in</span> <span class='ocrx_word' id='word_1_238' title='bbox 1069 3398 1341 3459; x_wconf 70' lang='lat' dir='ltr'>Britannia</span> <span class='ocrx_word' id='word_1_239' title='bbox 1362 3424 1539 3460; x_wconf 86' lang='lat' dir='ltr'>secun·</span> 
     </span>
    </p>
   </div>
   <div class='ocr_carea' id='block_1_11' title="bbox 458 3472 1540 4302">
    <p class='ocr_par' dir='ltr' id='par_1_13' title="bbox 472 3472 1539 3622">
     <span class='ocr_line' id='line_1_38' title="bbox 472 3472 1539 3544; baseline 0.016 -24"><span class='ocrx_word' id='word_1_240' title='bbox 472 3472 558 3536; x_wconf 89' lang='lat' dir='ltr'>da,</span> <span class='ocrx_word' id='word_1_241' title='bbox 568 3475 833 3537; x_wconf 85' lang='lat' dir='ltr'>provincia</span> <span class='ocrx_word' id='word_1_242' title='bbox 843 3474 1081 3531; x_wconf 88' lang='lat' dir='ltr'>Albionis</span> <span class='ocrx_word' id='word_1_243' title='bbox 1093 3482 1288 3544; x_wconf 77' lang='lat' dir='ltr'>insulse,</span> <span class='ocrx_word' id='word_1_244' title='bbox 1312 3501 1402 3535; x_wconf 89' lang='lat' dir='ltr'>seu</span> <span class='ocrx_word' id='word_1_245' title='bbox 1426 3487 1539 3536; x_wconf 90' lang='lat' dir='ltr'>Bri·</span> 
     </span>
     <span class='ocr_line' id='line_1_39' title="bbox 473 3555 1539 3622; baseline 0.015 -22"><span class='ocrx_word' id='word_1_246' title='bbox 473 3555 669 3603; x_wconf 84' lang='lat' dir='ltr'>tanniae</span> <span class='ocrx_word' id='word_1_247' title='bbox 682 3556 916 3622; x_wconf 71' lang='lat' dir='ltr'>Major-is,</span> <span class='ocrx_word' id='word_1_248' title='bbox 929 3567 983 3609; x_wconf 86' lang='lat' dir='ltr'>et</span> <span class='ocrx_word' id='word_1_249' title='bbox 993 3562 1056 3610; x_wconf 87' lang='lat' dir='ltr'>ad</span> <span class='ocrx_word' id='word_1_250' title='bbox 1076 3579 1217 3614; x_wconf 87' lang='lat' dir='ltr'>mare</span> <span class='ocrx_word' id='word_1_251' title='bbox 1227 3566 1539 3616; x_wconf 86' lang='lat' dir='ltr'>Ivernicum.</span> 
     </span>
    </p>

    <p class='ocr_par' dir='ltr' id='par_1_14' title="bbox 472 3629 1539 3853">
     <span class='ocr_line' id='line_1_40' title="bbox 539 3629 1539 3699; baseline 0.015 -23"><span class='ocrx_word' id='word_1_252' title='bbox 539 3629 712 3679; x_wconf 88' lang='lat' dir='ltr'>Hodie</span> <span class='ocrx_word' id='word_1_253' title='bbox 746 3634 1063 3699; x_wconf 78' lang='lat' dir='ltr'>Caemarvon,</span> <span class='ocrx_word' id='word_1_254' title='bbox 1084 3639 1372 3689; x_wconf 84' lang='lat' dir='ltr'>Comitatus</span> <span class='ocrx_word' id='word_1_255' title='bbox 1390 3641 1539 3690; x_wconf 89' lang='lat' dir='ltr'>Prin-</span> 
     </span>
     <span class='ocr_line' id='line_1_41' title="bbox 473 3704 1537 3781; baseline 0.014 -28"><span class='ocrx_word' id='word_1_256' title='bbox 473 3704 678 3768; x_wconf 78' lang='lat' dir='ltr'>cipatus</span> <span class='ocrx_word' id='word_1_257' title='bbox 724 3711 946 3773; x_wconf 82' lang='lat' dir='ltr'>Walliae,</span> <span class='ocrx_word' id='word_1_258' title='bbox 979 3728 1067 3781; x_wconf 81' lang='lat' dir='ltr'>seu</span> <span class='ocrx_word' id='word_1_259' title='bbox 1095 3715 1273 3777; x_wconf 79' lang='lat' dir='ltr'>Galles,</span> <span class='ocrx_word' id='word_1_260' title='bbox 1295 3718 1347 3766; x_wconf 89' lang='lat' dir='ltr'>in</span> <span class='ocrx_word' id='word_1_261' title='bbox 1371 3719 1537 3767; x_wconf 86' lang='lat' dir='ltr'>latere</span> 
     </span>
     <span class='ocr_line' id='line_1_42' title="bbox 472 3781 1471 3853; baseline 0.015 -24"><span class='ocrx_word' id='word_1_262' title='bbox 472 3781 783 3832; x_wconf 87' lang='lat' dir='ltr'>occidentali</span> <span class='ocrx_word' id='word_1_263' title='bbox 807 3789 953 3849; x_wconf 88' lang='lat' dir='ltr'>regni</span> <span class='ocrx_word' id='word_1_264' title='bbox 970 3787 1190 3853; x_wconf 81' lang='lat' dir='ltr'>Angliae.</span> <span class='ocrx_word' id='word_1_265' title='bbox 1231 3794 1471 3844; x_wconf 78' lang='lat' dir='ltr'>Tillemon.</span> 
     </span>
    </p>

    <p class='ocr_par' dir='ltr' id='par_1_15' title="bbox 458 3855 1540 4302">
     <span class='ocr_line' id='line_1_43' title="bbox 539 3855 1539 3931; baseline 0.014 -26"><span class='ocrx_word' id='word_1_266' title='bbox 539 3855 562 3890; x_wconf 62' lang='grc' dir='ltr'>ὓ</span> <span class='ocrx_word' id='word_1_267' title='bbox 593 3858 753 3921; x_wconf 83' lang='lat' dir='ltr'>Mari]</span> <span class='ocrx_word' id='word_1_268' title='bbox 772 3861 1064 3912; x_wconf 83' lang='lat' dir='ltr'>Ivernicum</span> <span class='ocrx_word' id='word_1_269' title='bbox 1079 3881 1239 3929; x_wconf 86' lang='lat' dir='ltr'>mare,</span> <span class='ocrx_word' id='word_1_270' title='bbox 1261 3883 1380 3931; x_wconf 86' lang='lat' dir='ltr'>pars</span> <span class='ocrx_word' id='word_1_271' title='bbox 1402 3869 1539 3919; x_wconf 90' lang='lat' dir='ltr'>Oce-</span> 
     </span>
     <span class='ocr_line' id='line_1_44' title="bbox 473 3933 1537 4000; baseline 0.012 -19"><span class='ocrx_word' id='word_1_272' title='bbox 473 3933 562 3982; x_wconf 79' lang='lat' dir='ltr'>ani</span> <span class='ocrx_word' id='word_1_273' title='bbox 594 3934 954 4000; x_wconf 77' lang='lat' dir='ltr'>occidentaliS,</span> <span class='ocrx_word' id='word_1_274' title='bbox 991 3941 1189 3992; x_wconf 86' lang='lat' dir='ltr'>alluens</span> <span class='ocrx_word' id='word_1_275' title='bbox 1233 3959 1372 3994; x_wconf 86' lang='lat' dir='ltr'>oram</span> <span class='ocrx_word' id='word_1_276' title='bbox 1403 3946 1537 3996; x_wconf 87' lang='lat' dir='ltr'>occi-</span> 
     </span>
     <span class='ocr_line' id='line_1_45' title="bbox 471 4008 1540 4072; baseline 0.014 -14"><span class='ocrx_word' id='word_1_277' title='bbox 471 4008 737 4060; x_wconf 84' lang='lat' dir='ltr'>dentalem</span> <span class='ocrx_word' id='word_1_278' title='bbox 762 4012 998 4064; x_wconf 88' lang='lat' dir='ltr'>Albionis</span> <span class='ocrx_word' id='word_1_279' title='bbox 1023 4018 1200 4068; x_wconf 84' lang='lat' dir='ltr'>insulae</span> <span class='ocrx_word' id='word_1_280' title='bbox 1221 4035 1310 4069; x_wconf 84' lang='lat' dir='ltr'>seu</span> <span class='ocrx_word' id='word_1_281' title='bbox 1331 4017 1540 4072; x_wconf 79' lang='lat' dir='ltr'>Britan-</span> 
     </span>
     <span class='ocr_line' id='line_1_46' title="bbox 466 4085 1539 4152; baseline 0.01 -15"><span class='ocrx_word' id='word_1_282' title='bbox 466 4085 579 4137; x_wconf 61' lang='grc' dir='ltr'>πίω</span> <span class='ocrx_word' id='word_1_283' title='bbox 593 4086 829 4152; x_wconf 83' lang='lat' dir='ltr'>Majoris,</span> <span class='ocrx_word' id='word_1_284' title='bbox 849 4097 905 4139; x_wconf 91' lang='lat' dir='ltr'>et</span> <span class='ocrx_word' id='word_1_285' title='bbox 928 4106 1071 4142; x_wconf 83' lang='lat' dir='ltr'>oram</span> <span class='ocrx_word' id='word_1_286' title='bbox 1091 4097 1395 4147; x_wconf 84' lang='lat' dir='ltr'>orientalem</span> <span class='ocrx_word' id='word_1_287' title='bbox 1422 4099 1539 4149; x_wconf 91' lang='lat' dir='ltr'>Bri-</span> 
     </span>
     <span class='ocr_line' id='line_1_47' title="bbox 474 4164 1538 4232; baseline 0.014 -20"><span class='ocrx_word' id='word_1_288' title='bbox 474 4164 667 4214; x_wconf 83' lang='lat' dir='ltr'>tanniae</span> <span class='ocrx_word' id='word_1_289' title='bbox 701 4166 936 4232; x_wconf 87' lang='lat' dir='ltr'>Minoris,</span> <span class='ocrx_word' id='word_1_290' title='bbox 962 4172 1046 4219; x_wconf 84' lang='lat' dir='ltr'>vel</span> <span class='ocrx_word' id='word_1_291' title='bbox 1088 4172 1309 4223; x_wconf 84' lang='lat' dir='ltr'>Iverniae</span> <span class='ocrx_word' id='word_1_292' title='bbox 1341 4176 1538 4227; x_wconf 86' lang='lat' dir='ltr'>insulae.</span> 
     </span>
     <span class='ocr_line' id='line_1_48' title="bbox 458 4239 1537 4302; baseline 0.01 -10"><span class='ocrx_word' id='word_1_293' title='bbox 458 4239 654 4292; x_wconf 51' lang='lat' dir='ltr'>&amp;lodie</span> <span class='ocrx_word' id='word_1_294' title='bbox 670 4242 783 4294; x_wconf 80' lang='lat' dir='ltr'>Mer</span> <span class='ocrx_word' id='word_1_295' title='bbox 793 4242 1035 4297; x_wconf 68' lang='lat' dir='ltr'>dtlrzando</span> <span class='ocrx_word' id='word_1_296' title='bbox 1047 4262 1079 4298; x_wconf 92' lang='lat' dir='ltr'>a</span> <span class='ocrx_word' id='word_1_297' title='bbox 1093 4248 1304 4300; x_wconf 84' lang='lat' dir='ltr'>Francis</span> <span class='ocrx_word' id='word_1_298' title='bbox 1328 4249 1537 4302; x_wconf 83' lang='lat' dir='ltr'>dicitur.</span> 
     </span>
    </p>
   </div>
   <div class='ocr_carea' id='block_1_12' title="bbox 1608 2271 2689 4323">
    <p class='ocr_par' dir='ltr' id='par_1_16' title="bbox 1626 2271 1872 2326">
     <span class='ocr_line' id='line_1_49' title="bbox 1626 2271 1872 2326; baseline 0.008 -5"><span class='ocrx_word' id='word_1_299' title='bbox 1626 2271 1872 2326; x_wconf 74' lang='lat' dir='ltr'>Tillemon.</span> 
     </span>
    </p>

    <p class='ocr_par' dir='ltr' id='par_1_17' title="bbox 1620 2345 2687 2563">
     <span class='ocr_line' id='line_1_50' title="bbox 1685 2345 2687 2411; baseline 0 -14"><span class='ocrx_word' id='word_1_300' title='bbox 1685 2356 1707 2381; x_wconf 73' lang='lat'>⁰·</span> <span class='ocrx_word' id='word_1_301' title='bbox 1742 2347 2049 2411; x_wconf 79' lang='lat' dir='ltr'>Hiberniam]</span> <span class='ocrx_word' id='word_1_302' title='bbox 2100 2347 2352 2398; x_wconf 81' lang='lat' dir='ltr'>Hibernia</span> <span class='ocrx_word' id='word_1_303' title='bbox 2371 2350 2455 2398; x_wconf 86' lang='lat' dir='ltr'>vel</span> <span class='ocrx_word' id='word_1_304' title='bbox 2477 2345 2687 2404; x_wconf 74' lang='lat' dir='ltr'>Ivernia</span> 
     </span>
     <span class='ocr_line' id='line_1_51' title="bbox 1620 2425 2684 2491; baseline -0.001 -17"><span class='ocrx_word' id='word_1_305' title='bbox 1620 2439 1724 2474; x_wconf 87' lang='lat' dir='ltr'>una</span> <span class='ocrx_word' id='word_1_306' title='bbox 1744 2439 1810 2474; x_wconf 87' lang='lat' dir='ltr'>ex</span> <span class='ocrx_word' id='word_1_307' title='bbox 1834 2425 2011 2475; x_wconf 85' lang='lat' dir='ltr'>insulis</span> <span class='ocrx_word' id='word_1_308' title='bbox 2034 2426 2367 2491; x_wconf 82' lang='lat' dir='ltr'>Britannicis,</span> <span class='ocrx_word' id='word_1_309' title='bbox 2392 2426 2443 2475; x_wconf 89' lang='lat' dir='ltr'>in</span> <span class='ocrx_word' id='word_1_310' title='bbox 2469 2425 2684 2475; x_wconf 82' lang='lat' dir='ltr'>Oceano</span> 
     </span>
     <span class='ocr_line' id='line_1_52' title="bbox 1620 2501 2076 2563; baseline 0.004 -13"><span class='ocrx_word' id='word_1_311' title='bbox 1620 2501 1954 2563; x_wconf 84' lang='lat' dir='ltr'>occidentali,</span> <span class='ocrx_word' id='word_1_312' title='bbox 1976 2505 2076 2552; x_wconf 59' lang='lat' dir='ltr'>&amp;c-⁸</span> 
     </span>
    </p>

    <p class='ocr_par' dir='ltr' id='par_1_18' title="bbox 1618 2575 2684 2778">
     <span class='ocr_line' id='line_1_53' title="bbox 1685 2575 2684 2640; baseline 0.001 -16"><span class='ocrx_word' id='word_1_313' title='bbox 1685 2575 1861 2625; x_wconf 89' lang='lat' dir='ltr'>Hodie</span> <span class='ocrx_word' id='word_1_314' title='bbox 1896 2577 2088 2626; x_wconf 83' lang='lat' dir='ltr'>Irlande</span> <span class='ocrx_word' id='word_1_315' title='bbox 2122 2576 2358 2640; x_wconf 86' lang='lat' dir='ltr'>Francis,</span> <span class='ocrx_word' id='word_1_316' title='bbox 2390 2590 2604 2640; x_wconf 84' lang='lat' dir='ltr'>regnum</span> <span class='ocrx_word' id='word_1_317' title='bbox 2629 2582 2684 2625; x_wconf 86' lang='lat' dir='ltr'>et</span> 
     </span>
     <span class='ocr_line' id='line_1_54' title="bbox 1618 2648 2684 2717; baseline 0.001 -18"><span class='ocrx_word' id='word_1_318' title='bbox 1618 2651 1784 2700; x_wconf 86' lang='lat' dir='ltr'>insula</span> <span class='ocrx_word' id='word_1_319' title='bbox 1826 2652 1921 2700; x_wconf 90' lang='lat' dir='ltr'>sub</span> <span class='ocrx_word' id='word_1_320' title='bbox 1960 2652 2156 2701; x_wconf 88' lang='lat' dir='ltr'>ditione</span> <span class='ocrx_word' id='word_1_321' title='bbox 2179 2653 2315 2717; x_wconf 83' lang='lat' dir='ltr'>regis</span> <span class='ocrx_word' id='word_1_322' title='bbox 2338 2652 2546 2716; x_wconf 83' lang='lat' dir='ltr'>Magnae</span> <span class='ocrx_word' id='word_1_323' title='bbox 2570 2648 2684 2701; x_wconf 70' lang='lat' dir='ltr'>Bri-</span> 
     </span>
     <span class='ocr_line' id='line_1_55' title="bbox 1618 2728 2378 2778; baseline -0.004 -2"><span class='ocrx_word' id='word_1_324' title='bbox 1618 2728 1829 2776; x_wconf 71' lang='lat' dir='ltr'>tanniae.</span> <span class='ocrx_word' id='word_1_325' title='bbox 1868 2728 2183 2778; x_wconf 81' lang='lat' dir='ltr'>Tillemonius.</span> <span class='ocrx_word' id='word_1_326' title='bbox 2375 2768 2378 2773; x_wconf 94' lang='lat'>.</span> 
     </span>
    </p>

    <p class='ocr_par' dir='ltr' id='par_1_19' title="bbox 1608 2801 2688 3084">
     <span class='ocr_line' id='line_1_56' title="bbox 1682 2801 2688 2868; baseline 0.001 -16"><span class='ocrx_word' id='word_1_327' title='bbox 1682 2801 1707 2836; x_wconf 59' lang='grc' dir='ltr'>ἃ</span> <span class='ocrx_word' id='word_1_328' title='bbox 1738 2804 2028 2867; x_wconf 76' lang='lat' dir='ltr'>Brigantas]</span> <span class='ocrx_word' id='word_1_329' title='bbox 2076 2804 2268 2868; x_wconf 84' lang='lat' dir='ltr'>Populi</span> <span class='ocrx_word' id='word_1_330' title='bbox 2295 2803 2546 2853; x_wconf 78' lang='lat' dir='ltr'>Maximae</span> <span class='ocrx_word' id='word_1_331' title='bbox 2572 2803 2688 2853; x_wconf 81' lang='lat' dir='ltr'>Cae-</span> 
     </span>
     <span class='ocr_line' id='line_1_57' title="bbox 1615 2879 2686 2945; baseline -0.003 -15"><span class='ocrx_word' id='word_1_332' title='bbox 1615 2881 1858 2944; x_wconf 66' lang='lat' dir='ltr'>⁴sariensis</span> <span class='ocrx_word' id='word_1_333' title='bbox 1881 2881 2183 2945; x_wconf 80' lang='lat' dir='ltr'>provinciae,</span> <span class='ocrx_word' id='word_1_334' title='bbox 2201 2881 2254 2929; x_wconf 90' lang='lat' dir='ltr'>in</span> <span class='ocrx_word' id='word_1_335' title='bbox 2277 2880 2551 2929; x_wconf 84' lang='lat' dir='ltr'>Britannia</span> <span class='ocrx_word' id='word_1_336' title='bbox 2576 2879 2686 2928; x_wconf 86' lang='lat' dir='ltr'>Ma-</span> 
     </span>
     <span class='ocr_line' id='line_1_58' title="bbox 1608 2956 2684 3022; baseline 0 -16"><span class='ocrx_word' id='word_1_337' title='bbox 1608 2957 1729 3021; x_wconf 86' lang='lat' dir='ltr'>jore</span> <span class='ocrx_word' id='word_1_338' title='bbox 1755 2958 1938 3022; x_wconf 82' lang='lat' dir='ltr'>insula,</span> <span class='ocrx_word' id='word_1_339' title='bbox 1971 2964 2028 3008; x_wconf 90' lang='lat' dir='ltr'>et</span> <span class='ocrx_word' id='word_1_340' title='bbox 2059 2958 2124 3008; x_wconf 89' lang='lat' dir='ltr'>ad</span> <span class='ocrx_word' id='word_1_341' title='bbox 2148 2972 2290 3008; x_wconf 85' lang='lat' dir='ltr'>mare</span> <span class='ocrx_word' id='word_1_342' title='bbox 2317 2956 2684 3009; x_wconf 85' lang='lat' dir='ltr'>Germanicum</span> 
     </span>
     <span class='ocr_line' id='line_1_59' title="bbox 1625 3033 2017 3084; baseline 0.008 -3"><span class='ocrx_word' id='word_1_343' title='bbox 1625 3040 1681 3082; x_wconf 90' lang='lat' dir='ltr'>et</span> <span class='ocrx_word' id='word_1_344' title='bbox 1704 3033 2017 3084; x_wconf 83' lang='lat' dir='ltr'>Ivcrnicum.</span> 
     </span>
    </p>

    <p class='ocr_par' dir='ltr' id='par_1_20' title="bbox 1618 3108 2686 3403">
     <span class='ocr_line' id='line_1_60' title="bbox 1683 3108 2683 3172; baseline 0 -13"><span class='ocrx_word' id='word_1_345' title='bbox 1683 3110 1859 3160; x_wconf 89' lang='lat' dir='ltr'>Hodie</span> <span class='ocrx_word' id='word_1_346' title='bbox 1882 3110 2171 3160; x_wconf 87' lang='lat' dir='ltr'>Comitatus</span> <span class='ocrx_word' id='word_1_347' title='bbox 2208 3108 2683 3172; x_wconf 72' lang='lat' dir='ltr'>Camberlaad‚&#39;Lan-</span> 
     </span>
     <span class='ocr_line' id='line_1_61' title="bbox 1618 3174 2684 3251; baseline -0.001 -15"><span class='ocrx_word' id='word_1_348' title='bbox 1618 3191 1790 3250; x_wconf 81' lang='lat' dir='ltr'>caster,</span> <span class='ocrx_word' id='word_1_349' title='bbox 1812 3174 2049 3250; x_wconf 70' lang='lat' dir='ltr'>Du&#39;rham,</span> <span class='ocrx_word' id='word_1_350' title='bbox 2072 3196 2125 3236; x_wconf 91' lang='lat' dir='ltr'>et</span> <span class='ocrx_word' id='word_1_351' title='bbox 2150 3174 2326 3251; x_wconf 59' lang='lat' dir='ltr'>major*</span> <span class='ocrx_word' id='word_1_352' title='bbox 2350 3201 2470 3250; x_wconf 88' lang='lat' dir='ltr'>pars</span> <span class='ocrx_word' id='word_1_353' title='bbox 2511 3188 2684 3237; x_wconf 83' lang='lat' dir='ltr'>&#39;Comi-</span> 
     </span>
     <span class='ocr_line' id='line_1_62' title="bbox 1620 3260 2686 3331; baseline 0 -19"><span class='ocrx_word' id='word_1_354' title='bbox 1620 3269 1758 3312; x_wconf 84' lang='lat' dir='ltr'>tatus</span> <span class='ocrx_word' id='word_1_355' title='bbox 1809 3263 1959 3326; x_wconf 81' lang='lat' dir='ltr'>Yark‚</span> <span class='ocrx_word' id='word_1_356' title='bbox 1999 3262 2053 3311; x_wconf 89' lang='lat' dir='ltr'>in</span> <span class='ocrx_word' id='word_1_357' title='bbox 2094 3269 2243 3325; x_wconf 89' lang='lat' dir='ltr'>parte</span> <span class='ocrx_word' id='word_1_358' title='bbox 2293 3260 2686 3331; x_wconf 86' lang='lat' dir='ltr'>septentrionali</span> 
     </span>
     <span class='ocr_line' id='line_1_63' title="bbox 1618 3328 2546 3403; baseline 0.001 -16"><span class='ocrx_word' id='word_1_359' title='bbox 1618 3339 1762 3403; x_wconf 88' lang='lat' dir='ltr'>regni</span> <span class='ocrx_word' id='word_1_360' title='bbox 1780 3337 2003 3402; x_wconf 70' lang='lat' dir='ltr'>Anglia’.</span> <span class='ocrx_word' id='word_1_361' title='bbox 2042 3328 2368 3388; x_wconf 75' lang='lat' dir='ltr'>Tillemonius.</span> <span class='ocrx_word' id='word_1_362' title='bbox 2540 3338 2546 3347; x_wconf 65' lang='lat'>⁶</span> 
     </span>
    </p>

    <p class='ocr_par' dir='ltr' id='par_1_21' title="bbox 1611 3414 2689 4151">
     <span class='ocr_line' id='line_1_64' title="bbox 1682 3414 2683 3482; baseline 0.001 -16"><span class='ocrx_word' id='word_1_363' title='bbox 1682 3423 1705 3448; x_wconf 66' lang='grc' dir='ltr'>θ</span> <span class='ocrx_word' id='word_1_364' title='bbox 1740 3417 1855 3466; x_wconf 88' lang='lat' dir='ltr'>Nisi</span> <span class='ocrx_word' id='word_1_365' title='bbox 1892 3417 2134 3481; x_wconf 78' lang='lat' dir='ltr'>prioribus</span> <span class='ocrx_word' id='word_1_366' title='bbox 2155 3415 2396 3482; x_wconf 82' lang='lat' dir='ltr'>firmatis]</span> <span class='ocrx_word' id='word_1_367' title='bbox 2450 3414 2536 3464; x_wconf 86' lang='lat' dir='ltr'>Sic</span> <span class='ocrx_word' id='word_1_368' title='bbox 2557 3417 2683 3467; x_wconf 87' lang='lat' dir='ltr'>Tac.</span> 
     </span>
     <span class='ocr_line' id='line_1_65' title="bbox 1618 3491 2688 3556; baseline 0.001 -16"><span class='ocrx_word' id='word_1_369' title='bbox 1618 3491 1737 3556; x_wconf 86' lang='lat' dir='ltr'>quia</span> <span class='ocrx_word' id='word_1_370' title='bbox 1796 3492 2075 3555; x_wconf 87' lang='lat' dir='ltr'>Brigantes</span> <span class='ocrx_word' id='word_1_371' title='bbox 2110 3492 2224 3556; x_wconf 84' lang='lat' dir='ltr'>jam</span> <span class='ocrx_word' id='word_1_372' title='bbox 2262 3497 2384 3540; x_wconf 91' lang='lat' dir='ltr'>ante</span> <span class='ocrx_word' id='word_1_373' title='bbox 2429 3491 2688 3553; x_wconf 85' lang='lat' dir='ltr'>parebant</span> 
     </span>
     <span class='ocr_line' id='line_1_66' title="bbox 1619 3567 2689 3620; baseline -0.002 -1"><span class='ocrx_word' id='word_1_374' title='bbox 1619 3570 1767 3619; x_wconf 84' lang='lat' dir='ltr'>Rom.</span> <span class='ocrx_word' id='word_1_375' title='bbox 1791 3574 1846 3619; x_wconf 88' lang='lat' dir='ltr'>et</span> <span class='ocrx_word' id='word_1_376' title='bbox 1868 3576 1976 3620; x_wconf 89' lang='lat' dir='ltr'>tum</span> <span class='ocrx_word' id='word_1_377' title='bbox 2000 3569 2267 3618; x_wconf 88' lang='lat' dir='ltr'>discordiis</span> <span class='ocrx_word' id='word_1_378' title='bbox 2292 3567 2488 3617; x_wconf 88' lang='lat' dir='ltr'>turbati</span> <span class='ocrx_word' id='word_1_379' title='bbox 2505 3568 2689 3618; x_wconf 85' lang='lat' dir='ltr'>adver·</span> 
     </span>
     <span class='ocr_line' id='line_1_67' title="bbox 1611 3644 2687 3709; baseline 0.001 -15"><span class='ocrx_word' id='word_1_380' title='bbox 1611 3660 1702 3694; x_wconf 73' lang='lat' dir='ltr'>sus</span> <span class='ocrx_word' id='word_1_381' title='bbox 1726 3646 2041 3709; x_wconf 83' lang='lat' dir='ltr'>imperantes</span> <span class='ocrx_word' id='word_1_382' title='bbox 2071 3644 2415 3694; x_wconf 83' lang='lat' dir='ltr'>rebellabant.</span> <span class='ocrx_word' id='word_1_383' title='bbox 2480 3645 2557 3695; x_wconf 88' lang='lat' dir='ltr'>At</span> <span class='ocrx_word' id='word_1_384' title='bbox 2586 3650 2687 3696; x_wconf 81' lang='lat' dir='ltr'>sta-</span> 
     </span>
     <span class='ocr_line' id='line_1_68' title="bbox 1621 3718 2687 3784; baseline -0.002 -13"><span class='ocrx_word' id='word_1_385' title='bbox 1621 3728 1792 3771; x_wconf 86' lang='lat' dir='ltr'>tuerat</span> <span class='ocrx_word' id='word_1_386' title='bbox 1836 3718 2071 3770; x_wconf 83' lang='lat' dir='ltr'>Ostorius</span> <span class='ocrx_word' id='word_1_387' title='bbox 2110 3721 2289 3784; x_wconf 81' lang='lat' dir='ltr'>priora</span> <span class='ocrx_word' id='word_1_388' title='bbox 2323 3719 2548 3783; x_wconf 85' lang='lat' dir='ltr'>firmare,</span> <span class='ocrx_word' id='word_1_389' title='bbox 2569 3726 2687 3770; x_wconf 82' lang='lat' dir='ltr'>&#39;nee</span> 
     </span>
     <span class='ocr_line' id='line_1_69' title="bbox 1619 3798 2686 3859; baseline -0.001 -10"><span class='ocrx_word' id='word_1_390' title='bbox 1619 3813 1778 3849; x_wconf 86' lang='lat' dir='ltr'>novos</span> <span class='ocrx_word' id='word_1_391' title='bbox 1800 3799 1973 3848; x_wconf 84' lang='lat' dir='ltr'>hostes</span> <span class='ocrx_word' id='word_1_392' title='bbox 1999 3805 2120 3848; x_wconf 90' lang='lat' dir='ltr'>ante</span> <span class='ocrx_word' id='word_1_393' title='bbox 2154 3798 2445 3859; x_wconf 78' lang='lat' dir='ltr'>lacessere3</span> <span class='ocrx_word' id='word_1_394' title='bbox 2481 3803 2538 3848; x_wconf 89' lang='lat' dir='ltr'>et</span> <span class='ocrx_word' id='word_1_395' title='bbox 2568 3798 2686 3848; x_wconf 86' lang='lat' dir='ltr'>Bri-</span> 
     </span>
     <span class='ocr_line' id='line_1_70' title="bbox 1621 3873 2684 3943; baseline 0.001 -19"><span class='ocrx_word' id='word_1_396' title='bbox 1621 3882 1803 3943; x_wconf 81' lang='lat' dir='ltr'>gantes</span> <span class='ocrx_word' id='word_1_397' title='bbox 1846 3875 2055 3939; x_wconf 87' lang='lat' dir='ltr'>ipsimet</span> <span class='ocrx_word' id='word_1_398' title='bbox 2086 3890 2302 3938; x_wconf 87' lang='lat' dir='ltr'>paucos,</span> <span class='ocrx_word' id='word_1_399' title='bbox 2326 3873 2414 3939; x_wconf 88' lang='lat' dir='ltr'>qni</span> <span class='ocrx_word' id='word_1_400' title='bbox 2438 3884 2580 3926; x_wconf 82' lang='lat' dir='ltr'>arma</span> <span class='ocrx_word' id='word_1_401' title='bbox 2600 3888 2684 3927; x_wconf 84' lang='lat' dir='ltr'>ca-</span> 
     </span>
     <span class='ocr_line' id='line_1_71' title="bbox 1611 3949 2686 4015; baseline 0.004 -16"><span class='ocrx_word' id='word_1_402' title='bbox 1611 3952 1855 4015; x_wconf 85' lang='lat' dir='ltr'>piebant,</span> <span class='ocrx_word' id='word_1_403' title='bbox 1899 3949 2230 4013; x_wconf 84' lang='lat' dir='ltr'>interfecere,</span> <span class='ocrx_word' id='word_1_404' title='bbox 2262 3951 2686 4015; x_wconf 61' lang='lat' dir='ltr'>‹et-acquievere,</span> 
     </span>
     <span class='ocr_line' id='line_1_72' title="bbox 1620 4024 2686 4089; baseline 0.003 -15"><span class='ocrx_word' id='word_1_405' title='bbox 1620 4041 1736 4074; x_wconf 89' lang='lat' dir='ltr'>cum</span> <span class='ocrx_word' id='word_1_406' title='bbox 1772 4026 1981 4089; x_wconf 88' lang='lat' dir='ltr'>reliquis</span> <span class='ocrx_word' id='word_1_407' title='bbox 2002 4040 2106 4074; x_wconf 90' lang='lat' dir='ltr'>non</span> <span class='ocrx_word' id='word_1_408' title='bbox 2128 4025 2324 4088; x_wconf 82' lang='lat' dir='ltr'>punitis</span> <span class='ocrx_word' id='word_1_409' title='bbox 2344 4024 2548 4077; x_wconf 84' lang='lat' dir='ltr'>veniam</span> <span class='ocrx_word' id='word_1_410' title='bbox 2577 4025 2686 4077; x_wconf 78' lang='lat' dir='ltr'>Ro·</span> 
     </span>
     <span class='ocr_line' id='line_1_73' title="bbox 1620 4101 2064 4151; baseline -0.002 -1"><span class='ocrx_word' id='word_1_411' title='bbox 1620 4101 1758 4150; x_wconf 89' lang='lat' dir='ltr'>mani</span> <span class='ocrx_word' id='word_1_412' title='bbox 1781 4101 2064 4151; x_wconf 85' lang='lat' dir='ltr'>dedissent.</span> 
     </span>
    </p>

    <p class='ocr_par' dir='ltr' id='par_1_22' title="bbox 1621 4170 2685 4323">
     <span class='ocr_line' id='line_1_74' title="bbox 1686 4170 2685 4243; baseline 0.003 -17"><span class='ocrx_word' id='word_1_413' title='bbox 1686 4174 1710 4208; x_wconf 73' lang='lat' dir='ltr'>f</span> <span class='ocrx_word' id='word_1_414' title='bbox 1736 4170 1972 4240; x_wconf 64' lang='lat' dir='ltr'>Silurum]</span> <span class='ocrx_word' id='word_1_415' title='bbox 2024 4175 2239 4242; x_wconf 80' lang='lat' dir='ltr'>Silures,</span> <span class='ocrx_word' id='word_1_416' title='bbox 2277 4177 2456 4243; x_wconf 87' lang='lat' dir='ltr'>populi</span> <span class='ocrx_word' id='word_1_417' title='bbox 2475 4176 2685 4229; x_wconf 83' lang='lat' dir='ltr'>Britan-</span> 
     </span>
     <span class='ocr_line' id='line_1_75' title="bbox 1621 4242 2683 4323; baseline 0.001 -21"><span class='ocrx_word' id='word_1_418' title='bbox 1621 4242 1721 4302; x_wconf 80' lang='lat' dir='ltr'>niae</span> <span class='ocrx_word' id='word_1_419' title='bbox 1744 4251 1989 4317; x_wconf 80' lang='lat' dir='ltr'>secundae</span> <span class='ocrx_word' id='word_1_420' title='bbox 2019 4251 2319 4320; x_wconf 70' lang='lat' dir='ltr'>provineiae,</span> <span class='ocrx_word' id='word_1_421' title='bbox 2352 4254 2406 4307; x_wconf 88' lang='lat' dir='ltr'>in</span> <span class='ocrx_word' id='word_1_422' title='bbox 2426 4261 2577 4320; x_wconf 83' lang='lat' dir='ltr'>parte</span> <span class='ocrx_word' id='word_1_423' title='bbox 2596 4260 2683 4323; x_wconf 67' lang='grc' dir='ltr'>σς-</span> 
     </span>
    </p>
   </div>
  </div>
 </body>
</html>
