3100 4925
349 1822 360 1833 ·
464 1813 651 1878 quibus
696 1812 916 1863 vinculis
953 1819 1061 1861 tam
1106 1812 1362 1875 pudendis
1406 1828 1525 1863 one-

464 418 736 485 J.c.se.]
1173 410 1592 465 Annaeum
1639 411 1787 463 ms.
1829 413 1968 465 ιιι.
2476 398 2670 473 128?
2733 485 2739 491 ἱ

467 595 610 643 rum
664 569 1021 655 barbarias)
1061 570 1439 638 trahebatur
1450 579 1497 636 :⁷
1541 591 1834 655 moxque
1876 570 2134 654 vulgus,
2179 570 2348 637 duro
2389 573 2671 660 imperio

477 782 532 817 aa
555 765 791 830 compedes
812 768 860 814 et
874 763 1032 829 (quoa
1061 731 1428 826 ιςωηᾱιεωέιω
1458 761 1709 826 bureau)
1731 762 1806 815 sic
1827 763 2131 819 trahebatur.
2185 765 2318 821 noia
2353 770 2402 823 et
2428 765 2578 837 puin,
2596 767 2673 827 cm·

466 1051 482 1080 ‘
511 1051 643 1102 Quae
676 1064 813 1099 nunc
835 1049 1112 1114 Squalidus
1135 1049 1189 1098 in
1223 1063 1409 1113 magua
1428 1047 1638 1098 fastidit
1659 1047 1911 1114 compede
1933 1046 2137 1099 fossor.’
2181 1049 2496 1099 Brutina—⁷
2531 1048 2673 1100 Ami-

467 1130 560 1166 cus
597 1116 837 1181 legebat:
883 1116 1007 1177 quod
1023 1122 1028 1125 '
1047 1113 1315 1163 indecoram
1357 1112 1573 1165 barbaris
1614 1112 1890 1162 habebatur.
1957 1113 2060 1162 Sed
2097 1116 2259 1177 magis
2294 1115 2471 1176 placet
2507 1114 2671 1181 Lipsii

469 1180 792 1245 conjectura,
825 1193 881 1228 ac
912 1181 1147 1242 compede,
1183 1179 1305 1242 quod
1340 1178 1607 1227 indecorum
1644 1177 1873 1240 barbaris,
1893 1178 2186 1227 trahebatur.
2252 1179 2368 1228 Etsi
2391 1178 2527 1227 enim
2549 1193 2671 1229 com-

435 1244 548 1308 ’ρει
568 1257 836 1308 nusquam,
857 1243 996 1308 quod
1019 1243 1198 1305 sciam,
1244 1248 1418 1292 extet}
1454 1241 1594 1291 unde
1620 1242 1958 1295 Grammatici
1983 1245 2224 1307 compedes
2245 1247 2445 1293 tantum
2469 1243 2671 1306 plurale

464 1309 818 1372 pronuntiant,
852 1313 1002 1357 sexto
1039 1314 1216 1356 tamen
1253 1320 1380 1356 casn
1414 1320 1629 1357 numero
1678 1307 1923 1371 singulari
1964 1308 2157 1370 legitur
2210 1306 2349 1371 apud
2391 1307 2670 1358 Horatium

462 1373 552 1423 lib.
575 1387 652 1423 ιν.
677 1373 781 1424 od.
808 1377 887 1422 ll.
911 1378 967 1424 et
987 1372 1137 1422 alibi:
1174 1371 1314 1435 apud
1337 1372 1645 1422 Juvenalem
1660 1371 1772 1421 Sat.
1789 1386 1863 1421 ιν.
1884 1378 1941 1421 et
1961 1372 2087 1421 alios
2110 1371 2290 1436 poetas
2311 1389 2325 1421 ε
2361 1372 2499 1435 apud
2514 1371 2670 1423 Colu-

465 1438 674 1486 mellam
690 1438 781 1486 lib.
804 1451 927 1485 vm.
951 1436 1018 1487 de
1041 1437 1109 1485 R.
1127 1437 1191 1485 R.
1213 1451 1329 1500 cap.
1344 1440 1391 1485 2.
1408 1436 1425 1465 ‘
1441 1450 1605 1501 eaque
1623 1436 1769 1500 quasi
1792 1435 2047 1502 compede
2071 1436 2409 1487 cohibentur!
2442 1437 2671 1500 Coujun-

468 1507 660 1566 guntur
682 1507 854 1552 autem
887 1502 1000 1551 baec
1020 1502 1178 1552 etiam
1202 1499 1505 1551 abOvidio:
1530 1503 1546 1528 ‘
1568 1501 1673 1550 Sed
1712 1515 1881 1566 neque
1916 1501 2256 1566 compedibus
2290 1515 2389 1552 nec
2426 1515 2513 1552 me
2546 1514 2668 1552 con·

1454 1631 1665 1683 NOTAE

1604 1736 1658 1784 in
1693 1735 1934 1800 ambiguo
1970 1735 2220 1800 relinquit
2263 1734 2391 1787 Tac.
2435 1741 2495 1789 ut
2530 1735 2668 1797 bono

1607 1827 1764 1862 sensu
1797 1813 1960 1876 possis
1994 1827 2058 1865 ea
2079 1810 2278 1865 referre
2312 1811 2381 1862 ed
2414 1818 2587 1865 antec.
2610 1818 2670 1865 et

462 1736 601 1793 misti
622 1742 677 1787 et
705 1751 910 1786 suorum
932 1734 1119 1786 referri
1141 1734 1324 1801 possit,
1340 1742 1402 1787 ut
1422 1736 1520 1786 sit:

460 1896 605 1941 ratus
647 1893 702 1937 et
741 1893 941 1937 tractus
979 1888 1271 1937 ostenditur
1301 1888 1452 1951 vulgo
1493 1901 1527 1937 a

464 1962 802 2012 Rhadamisto
840 1969 897 2012 et
932 1963 1212 2013 comitibus
1243 1977 1370 2012 vere
1408 1963 1527 2013 bar-

461 2037 616 2088 baris.
681 2039 849 2089 Immo
866 2045 921 2088 et
941 2039 1098 2089 dandi
1114 2054 1257 2102 casu,
1271 2039 1525 2103 ingeritur

461 2115 625 2164 oculis
674 2115 1014 2166 barbarorum
1059 2114 1422 2165 Armeniorum
1467 2121 1524 2166 et

462 2190 749 2241 Iberorum.
813 2191 962 2241 Tmhi
997 2191 1259 2255 dicuntur,
1291 2192 1523 2256 quicum·

461 2281 562 2332 que
623 2265 911 2317 offeruntur
977 2266 1224 2321 catenati.
1317 2267 1524 2319 AEneid.

461 2356 527 2395 11.
570 2343 747 2392 ‘Ecce
804 2358 983 2393 manus
1030 2344 1278 2407 juvenem
1322 2343 1525 2393 interea

461 2424 582 2485 post
605 2424 754 2484 terga
777 2419 1065 2470 revinctum
1075 2418 1322 2468 Pastores
1337 2431 1524 2483 magno

459 2495 526 2546 ad
546 2510 720 2560 regem
736 2496 961 2546 clamore
980 2495 1289 2548 trahebant!
1307 2496 1516 2548 Gronov.

521 2572 596 2622 Ac
615 2571 875 2634 compedes]
907 2572 1062 2624 Adde
1082 2571 1141 2621 τὸ
1161 2578 1225 2637 et,
1250 2572 1330 2623 vel
1350 2573 1518 2622 subin-

457 2647 657 2712 tellige,
686 2647 966 2709 injiciuntur
984 2653 1160 2697 cateuoe
1191 2664 1246 2698 ac
1261 2650 1517 2714 compedes,
1579 2663 1585 2669 ·

460 2729 516 2773 et
531 2724 689 2790 (quod
718 2725 989 2774 dedecorum
1019 2723 1268 2786 barbatis)
1302 2724 1519 2774 traheba-

457 2804 557 2852 tur.
626 2801 780 2853 Quod
823 2800 1136 2852 dedecorum
1176 2801 1428 2864 barbaris,
1463 2801 1519 2849 id

458 2882 556 2940 est,
577 2876 806 2927 externis
823 2876 1045 2940 regibus,
1061 2877 1151 2941 qui
1166 2877 1347 2941 vincti,
1364 2891 1521 2928 curru

463 2964 554 3001 seu
589 2953 780 3002 lectica
821 2953 1241 3017 includebantur,
1277 2960 1335 3006 ut
1369 2959 1523 3020 patet

459 3043 526 3079 ex
565 3031 733 3084 Dario
772 3044 926 3095 rege3
958 3044 1061 3080 non
1101 3036 1273 3080 autem
1314 3031 1521 3095 publice

459 3105 818 3169 trahebantur,
858 3113 919 3155 ut
961 3107 1037 3180 rei
1070 3121 1099 3156 e
1138 3108 1310 3171 vulgo,
1350 3122 1521 3173 neque

457 3180 678 3232 ludibrio
687 3182 991 3246 populorum
1004 3184 1415 3247 exponebantur,
1431 3184 1522 3236 im-

462 3271 545 3310 mo
587 3259 893 3310 servabatur
933 3259 1011 3308 his
1044 3259 1224 3322 honos,
1258 3266 1313 3311 et
1352 3261 1524 3326 aliqua

460 3334 661 3397 species
676 3335 984 3399 majestatis,
1001 3337 1126 3385 etin
1151 3337 1336 3390 vinclis
1352 3339 1520 3392 aureis

457 3409 786 3461 habebantur
806 3426 978 3478 reges,
997 3419 1057 3466 ut
1079 3413 1274 3466 decuit.

520 3487 607 3538 Sic
653 3488 914 3539 Armeniae
957 3505 1137 3554 regem
1189 3489 1520 3542 Artavasden

455 3563 625 3616 aureis
670 3566 868 3618 catenis
909 3566 1078 3618 vinxit
1117 3568 1192 3620 M.
1230 3566 1519 3621 Antoniusz

460 3640 534 3690 sic
572 3646 627 3689 et
662 3642 856 3691 Darius
878 3643 997 3696 olim
1032 3644 1237 3694 vinctus
1262 3659 1386 3694 auro
1410 3658 1523 3694 cur·

461 3730 626 3782 ruque
648 3725 847 3769 vectus.
902 3720 1305 3786 Conjuuctiones
1328 3720 1526 3772 omittit

461 3793 691 3856 Tacitus,
718 3796 1056 3862 supplerique
1078 3799 1197 3848 loco
1213 3805 1388 3865 potest
1409 3813 1526 3863 par-

458 3868 620 3923 ticula
640 3876 688 3922 et
708 3886 805 3934 per
822 3878 1066 3924 mentem.

525 3946 596 4000 Et
629 3962 693 4000 ea
724 3949 885 4002 verba
905 3952 1025 4013 quod
1054 3952 1327 4002 dedecorum
1358 3950 1522 4004 borba-

458 4020 545 4084 ris,
576 4020 760 4072 referri
794 4022 927 4073 forte
963 4031 1180 4089 possunt
1217 4026 1281 4078 ad
1329 4040 1522 4092 praece·

462 4096 661 4161 dentis,
713 4108 770 4150 et
814 4100 881 4149 ad
927 4104 1318 4172 consequentia.
1384 4093 1520 4162 Nam

463 4179 616 4240 turpe
638 4174 738 4228 fuit
759 4178 870 4243 regi
903 4185 959 4229 et
990 4179 1169 4230 baberi
1201 4181 1254 4232 in
1288 4180 1523 4246 vinculis,

462 4248 565 4304 fuit
582 4258 736 4324 turpe
753 4260 812 4306 et
828 4254 992 4308 trahi„
1021 4255 1111 4318 Sic
1128 4270 1269 4322 saepe
1279 4257 1538 4324 quadam-

1605 1889 1996 1953 consequentia.

1671 1967 1746 2014 Ac
1798 1962 2057 2028 compedes]
2120 1961 2230 2012 Alii
2273 1962 2429 2012 aliter
2465 1962 2667 2027 legant,

1605 2040 1834 2106 Lipsius,
1857 2056 1912 2090 ac
1943 2042 2175 2105 compede.
2243 2038 2350 2089 Alii
2372 2039 2507 2088 modo
2535 2053 2669 2103 peco-

1600 2133 1723 2167 rum
1790 2116 1896 2167 Alii
1912 2133 1998 2181 quo
2019 2118 2241 2167 dedecore
2254 2115 2493 2165 Barbarie
2510 2115 2669 2166 trahe·

1602 2194 1758 2245 batur.
1845 2193 1952 2243 Sed
2003 2191 2294 2255 supplenda
2348 2196 2546 2240 tantum
2589 2189 2669 2240 ibi

1604 2269 1924 2332 conjunctio,
1975 2269 2063 2317 vel
2119 2268 2268 2332 quasi
2320 2265 2623 2330 conjunctio
2649 2281 2666 2319 ι

1604 2358 1722 2397 nam
1761 2342 1819 2392 τὸ
1861 2345 1986 2406 quod
2027 2345 2319 2406 dedecorum,
2351 2343 2514 2407 possit
2552 2357 2669 2401 esse

1606 2420 1901 2485 ambiguum
1915 2433 2010 2484 pro
2031 2418 2184 2484 genio
2198 2417 2370 2468 Taciti
2390 2416 2530 2468 inter
2547 2433 2668 2470 cout-

1597 2499 1742 2562 pedes
1782 2503 1838 2547 et
1873 2496 2181 2546 trahebatur.-
2214 2505 2492 2560 utrumque
2528 2495 2668 2554 enim

1603 2574 1822 2642 perinde
1845 2574 2164 2636 indecorum,
2180 2572 2469 2638 praesertim
2485 2572 2615 2637 regi.

1667 2650 1840 2714 Igitur
1876 2649 2130 2712 intellige,
2171 2648 2317 2713 quasi
2371 2648 2670 2712 scripsisset

1599 2728 1727 2782 Tac.
1774 2727 2060 2787 Injiciuatur
2096 2731 2275 2778 cutm
2314 2740 2370 2774 oc
2413 2727 2668 2788 comedes.

1601 2809 1649 2854 et
1671 2805 1789 2868 quod
1811 2805 2083 2852 dedecorum
2105 2800 2635 2864 barbaris‚tra12ebatur
2648 2817 2670 2854 .·

1602 2882 1687 2931 vei
1725 2881 1830 2941 sic;
1873 2882 1993 2945 quod
2033 2880 2307 2928 dedecorum
2349 2875 2576 2940 barbaris,
2615 2881 2668 2930 et

1600 2956 1894 3007 trahebatur.
1957 2954 2148 3019 Sicque
2170 2951 2229 3001 τὸ
2249 2953 2373 3018 quod
2391 2953 2668 3006 dedecorum

1601 3033 1841 3096 ambigue
1880 3029 2063 3080 referri
2099 3029 2261 3079 debet
2299 3028 2367 3078 ad
2408 3027 2484 3090 id,
2524 3026 2669 3096 quod,

1602 3109 1875 3175 praecedit,
1893 3115 1948 3158 et
1967 3106 2107 3172 quod
2127 3105 2396 3174 sequitur3
2416 3104 2572 3169 idque
2589 3101 2667 3154 fa-

1601 3185 1798 3240 miliare
1814 3184 2016 3233 Tacito.

1668 3270 1693 3306 Β
1729 3263 1866 3320 Quod
1887 3263 2157 3310 dedecorum
2177 3256 2416 3320 barbaris]
2449 3257 2591 3308 Puto
2612 3255 2668 3319 id

1604 3338 1900 3404 parenthesi
1922 3335 2266 3386 claudendum
2284 3350 2405 3398 :per
2427 3334 2670 3398 barbaros,

1604 3416 1688 3468 hic
1711 3413 1962 3476 intelligit
1983 3419 2258 3462 extraneos
2281 3424 2451 3473 reges.
2504 3410 2667 3458 Certe

1597 3491 1865 3542 indecorum
1896 3489 2024 3552 regi,
2056 3487 2130 3536 sic
2165 3486 2315 3547 trabi,
2347 3492 2406 3533 ut
2456 3498 2612 3542 unum
2633 3497 2666 3546 e

1601 3568 1797 3629 multis,
1833 3573 1891 3617 ut
1921 3566 2023 3615 vile
2055 3562 2385 3627 mancipium,
2408 3565 2462 3610 et
2482 3561 2557 3611 sic
2588 3561 2667 3620 lu,

1608 3644 1787 3697 dibriis
1840 3652 1896 3693 et
1925 3640 2172 3693 conviciis
2198 3638 2533 3713 popularium
2579 3652 2668 3692 exa·

1605 3722 1746 3787 poni,
1780 3721 1966 3785 quibus
1987 3720 2109 3770 olim
2132 3717 2491 3781 imperaverat.

1671 3797 1962 3852 Decentius
1983 3793 2084 3843 fuit
2107 3793 2250 3842 illum
2272 3791 2445 3842 statim
2469 3788 2667 3844 includi

1602 3874 1778 3939 alique
1794 3871 2051 3934 vehiculo,
2071 3884 2138 3920 ne
2162 3869 2238 3919 sic
2259 3868 2567 3922 illuderetur
2584 3881 2672 3918 co-

1604 3964 1712 4008 ram
1733 3949 2042 4013 palamque3
2064 3961 2181 4002 nam
2203 3955 2259 3996 et
2285 3945 2336 3994 id
2358 3953 2542 4010 postea
2562 3943 2668 4001 fae-

1605 4037 1714 4080 tum
1733 4034 1832 4092 est,
1846 4031 1861 4057 ⁸
1880 4027 2093 4080 diversis
2108 4034 2162 4077 et
2177 4025 2432 4076 contectis
2450 4023 2670 4082 vinculi!

1603 4104 1900 4164 abduntur!
1967 4104 2143 4164 Satius
2172 4111 2287 4154 erat
2309 4103 2468 4154 oculis
2488 4095 2687 4160 com*

1602 4184 1731 4247 lere,
1747 4190 1805 4236 ut
1830 4187 2015 4246 postes
2035 4194 2152 4240 cum
2188 4180 2332 4232 illum
2362 4175 2667 4237 interfusum

1603 4259 1619 4287 ‘
1645 4257 1797 4316 Vimi
1841 4262 2015 4320 unet}
2055 4255 2335 4328 con-duit,
2370 4267 2438 4312 ηε
2492 4264 2666 4318 nom·
