3100 4925
359 422 505 480 λθ.
524 423 637 488 §tl-1

1070 415 1487 472 autumus(
1534 419 1687 470 mn.
1708 420 1861 470 111.

2384 397 2572 471 11612

358 577 501 630 rem
527 561 1044 640 accommodari,
1091 567 1291 644 prout
1318 561 1664 637 conducat,
1668 569 1699 607 r
1719 566 1806 625 et
1839 560 1998 627 fore—
2022 560 2151 627 hoc
2191 580 2459 646 quoque
2480 563 2553 627 in

361 662 493 740 hie,
516 682 670 747 quae
699 682 863 728 mox
883 660 1323 746 usurpentur!

448 769 520 831 7.
566 766 771 830 Haud
799 766 1083 842 defuere,
1114 765 1230 847 qui
1258 763 1573 840 certatim,
1605 767 1627 797 ‘
1658 764 1718 827 si
1739 703 2151 830 cunctaretur
2196 763 2451 843 Caesar,
2480 767 2564 831 vi

366 866 647 931 acturos'
648 874 674 904 ⁸
700 867 1150 942 testificanteS,
1189 869 1602 946 erumperent
1629 864 1833 929 curia.
1922 863 2374 952 conglobatur
2400 886 2553 949 pro·

362 965 622 1031 miscua
647 951 1021 1043 multitudo,
1066 969 1088 999 ‘
1119 964 1588 1047 Populumque
1615 964 1987 1029 Romanum
2036 966 2269 1029 eadem
2297 985 2509 1044 orare,
2510 965 2577 1003 ⁹⁸·

364 1067 677 1133 clamitat.

772 1066 921 1131 Nec
970 1065 1289 1130 Claudius
1331 1065 1502 1130 ultra
1547 1071 1921 1148 expectato,
1951 1067 2224 1131 obvium
2255 1067 2437 1150 apud
2463 1068 2570 1132 fo-

364 1186 509 1230 rum
538 1169 791 1251 praebet
819 1186 894 1230 se
922 1166 1365 1248 gratantibus:
1419 1165 1858 1249 Senatumque
1887 1167 2249 1249 ingressuS,
2280 1172 2302 1202 ‘
2331 1167 2561 1233 decre-

363 1266 523 1331 tum’
567 1268 883 1350 postulat,
888 1265 914 1302 b
961 1271 981 1302 ‘
1001 1287 1133 1350 quo
1174 1265 1406 1349 justae‘
1451 1266 1620 1330 inter
1649 1261 1920 1349 patruos
1949 1268 2347 1352 fratrumque
2377 1268 2551 1334 filias

367 1430 791 1488 consuetudinem
813 1430 1161 1493 attemperari,
1200 1436 1353 1493 prout
1391 1432 1518 1481 utile
1551 1430 1641 1493 sit,
1663 1437 1719 1481 et
1741 1431 1974 1484 futurum
2006 1433 2103 1483 boc
2130 1434 2290 1484 etiam
2325 1432 2468 1483 inter
2481 1447 2562 1497 ea,

368 1509 483 1559 qnae
503 1494 713 1558 postea
701 1509 753 1542 m
776 1509 916 1543 more
937 1495 1022 1543 et
1009 1509 1062 1543 ιιι
1084 1510 1179 1544 usu
1200 1495 1322 1545 sint.

432 1558 504 1606 Ee
515 1557 629 1619 fuer

629 1572 655 1606 e
674 1558 753 1621 qai
771 1557 1004 1619 certatim,
1026 1559 1067 1606 si
1091 1565 1384 1608 moraretur
1406 1559 1599 1619 Caesar,
1621 1559 1721 1608 vim
1741 1559 2052 1610 adhibituros
2071 1562 2371 1622 obtestantes,
2392 1567 2562 1622 matu

365 1623 711 1682 «κακῶν.
744 1621 906 1670 Simul
921 1627 1233 1683 congregatur
1248 1617 1447 1682 confusa
1462 1626 1732 1684 multitudo,
1753 1624 2033 1699 eademque
2047 1622 2290 1701 'flagitare
2316 1626 2562 1687 populum

368 1685 516 1734 Rom.
537 1687 786 1734 exclamat.
852 1687 954 1735 Nec
970 1686 1195 1734 Claudius
1206 1688 1335 1736 ultra
1354 1689 1616 1750 opperitur,
1638 1659 1732 1735 sed’
1752 1686 1934 1736 οῦοίσπι
1953 1688 2159 1748 miens,
2172 1687 2339 1748 infore
2353 1687 2495 1752 offert
2511 1703 2562 1737 se

361 1748 731 1809 flumininibus,
743 1755 793 1798 et
810 1751 990 1798 curiam
1010 1750 1215 1811 inmas,
1231 1753 1731 1800 senatusconsultum
1749 1752 1890 1826 petit,

1909 1765 2011 1816 quo
2031 1751 2419 1811 decerneretur,
2437 1752 2564 1811 legi-

371 1812 498 1863 tima
530 1827 644 1862 esse
679 1813 818 1864 inter
836 1821 1046 1876 patruos
1077 1812 1400 1879 fratrumque
1419 1814 1554 1863 filias
1589 1815 1927 1866 matrimonia.
1992 1817 2159 1880 Neque
2176 1821 2331 1865 tmen
2348 1816 2578 1865 inuentus.

1360 1943 1410 1992 N
1416 1943 1573 1993 01*AE

432 2060 455 2095 5
490 2053 644 2102 Proust
680 2053 927 2116 conducat]
992 2054 1268 2118 Praecipue
1311 2055 1428 2105 Rei-

369 2128 625 2192 publicae3
657 2134 714 2179 et
736 2129 934 2178 utilitas
956 2129 1187 2193 publica,
1208 2137 1262 2181 et
1286 2131 1425 2195 prin-

370 2205 564 2270 cipum,
592 2205 751 2256 etiam
782 2204 835 2253 in
872 2206 1101 2270 privatos
1125 2206 1428 2256 transmitti·

375 2288 475 2333 tur.

434 2365 455 2391 ⁸
493 2355 786 2418 Vinctum]
849 2358 1024 2407 Forte
1047 2357 1311 2418 ducturos,
1350 2357 1427 2406 id·

371 2447 473 2500 que
494 2447 588 2498 per
613 2445 790 2484 vanam
827 2432 1240 2495 assentationem,
1260 2439 1318 2483 ut
1337 2433 1428 2484 de·

370 2516 670 2562 mereantur
686 2510 1028 2575 Agrippinam
1056 2515 1112 2560 et
1133 2510 1425 2572 Claudium,

371 2601 403 2636 a
439 2586 625 2652 quibus
667 2586 720 2636 in
751 2586 804 2636 id
843 2586 1120 2636 immissum
1156 2585 1426 2635 Vitellium

372 2662 621 2713 sciebant.

423 2737 643 2802 Itaque,
679 2735 828 2800 quasi
866 2748 1139 2799 erumpere
1182 2736 1352 2799 parati
1395 2750 1427 2784 e

373 2812 534 2876 curia,
559 2818 840 2872 testantur,
878 2826 934 2861 se
959 2812 1059 2861 vim
1097 2810 1345 2875 facturos,
1370 2826 1441 2861 se-

370 2888 422 2937 ci
457 2892 664 2949 aduror,
684 2886 729 2937 si
751 2893 1020 2950 sperneret
1041 2888 1146 2937 tale
1167 2887 1429 2937 matrimo-

374 2964 526 3013 nium·
539 2965 749 3023 Caesar3
775 2963 922 3027 quasi
941 2976 1251 3027 magnopere
1271 2964 1431 3014 inter·
1456 2958 1461 2963 ’

373 3046 514 3090 esset
552 3038 776 3102 Reipub.
811 3044 867 3088 et
905 3053 967 3089 eo
998 3046 1104 3089 tum
1127 3040 1321 3105 gratior
1356 3055 1433 3090 as·

373 3114 616 3176 sentatio,
636 3128 738 3177 quo
759 3112 1049 3163 violentior.

438 3196 467 3224 δ
484 3190 802 3252 Pop-tumque
823 3189 958 3239 Rom.
984 3190 1143 3239 eadem
1161 3188 1320 3251 orur‘e]
1363 3187 1434 3237 Α-

374 3264 554 3315 mahat
590 3265 812 3328 populus
849 3262 1208 3328 Agrippinam,
1236 3270 1295 3313 ut
1318 3278 1433 3328 pro·

374 3343 478 3392 lem
516 3339 838 3401 Germanici,
858 3345 913 3388 et
934 3339 1044 3401 ejus
1064 3337 1227 3388 filium
1249 3339 1430 3388 eadem

376 3430 562 3477 causa3
596 3421 653 3467 et
674 3415 795 3479 quia
815 3429 916 3464 una
937 3429 999 3464 ea
1018 3420 1290 3477 supererat
1309 3414 1433 3463 viri·

374 3497 437 3547 lis
452 3496 656 3546 soboles
693 3507 791 3557 per
822 3490 1072 3553 foeminas,
1102 3498 1185 3541 tot
1216 3490 1335 3541 filiis
1358 3491 1433 3540 in·

375 3571 610 3622 terfectis
630 3570 894 3632 utriusque
912 3582 1080 3617 sexus.
1135 3567 1322 3631 Itaque
1343 3568 1434 3616 do·

375 3658 515 3696 mum
539 3643 840 3696 Germanici
859 3641 1050 3692 florere
1070 3642 1259 3692 iterum
1283 3641 1433 3704 plebs

373 3721 658 3787 gaudebat.
718 3718 825 3768 Sed
863 3719 1042 3782 populi
1061 3719 1211 3768 Rom.
1234 3731 1434 3766 amores

375 3798 562 3847 breves
582 3802 640 3845 et
659 3793 891 3844 infausti.

440 3870 467 3906 ὗ
496 3873 771 3922 Decretum
792 3868 1023 3933 postulat]
1069 3867 1164 3917 Ait
1201 3867 1435 3929 Tacitus,

368 3945 763 4012 fratrumfissut
794 3951 850 3994 et
867 3944 1053 3994 stricte
1074 3943 1281 4007 capias3
1330 3957 1435 3992 non

379 4024 531 4073 enim‘
549 4022 698 4072 licuit
737 4036 961 4070 eorunm.
1044 4019 1197 4072 Quod
1237 4020 1438 4069 notavit

381 4104 628 4151 accurate
662 4103 718 4147 et
755 4095 960 4160 diffuse,
1018 4102 1279 4161 quantum*
1312 4095 1436 4145 satis

378 4181 477 4235 est,
491 4173 738 4237 Gujacius
754 4180 883 4224 1111.
902 4172 1105 4224 obserV.
1121 4187 1170 4223 c.
1194 4175 1273 4233 16,
1287 4186 1438 4236 quem

381 4265 503 4302 non·
522 4249 780 4302 exseribo.
849 4249 966 4300 Nec
1006 4246 1217 4301 sustulit
1261 4246 1440 4297 Nerva

1502 2056 1602 2105 hoc
1624 2055 1707 2105 Sc.
1735 2060 1795 2104 ut
1828 2055 1964 2105 idem
1988 2068 2108 2104 vera
2130 2051 2561 2117 interpretatione

1505 2131 1735 2194 collegit.
1801 2132 1887 2179 De
1927 2130 2128 2179 Claudii
2151 2130 2249 2179 hoc
2269 2129 2412 2180 facto
2433 2131 2563 2179 Tra-

1505 2206 1681 2268 gicns:
1737 2205 1755 2235 ⁴
1776 2206 2122 2270 Genitamque
2171 2203 2349 2254 fratris
2385 2205 2566 2268 conju·

1506 2296 1620 2346 gem
1658 2289 1839 2345 captus
1889 2282 1986 2334 sibi
2016 2283 2163 2332 'Poris
2197 2281 2433 2331 nefandis
2476 2280 2566 2331 fle-

1505 2359 1596 2409 bili
1607 2360 1784 2423 junxit
1806 2359 1960 2409 face!

1500 2464 1518 2479 a
1572 2436 1675 2485 Ubi
1699 2435 1881 2486 melius
1903 2436 2061 2501 leges,
2089 2437 2389 2500 genitamque
2398 2434 2563 2496 fratre

1503 2511 1743 2572 conjugem
1771 2515 1973 2575 captum.
2039 2511 2365 2561 Domitianus
2399 2510 2565 2560 imita·

1508 2593 1590 2634 ius
1612 2587 1905 2650 exemplum
1939 2592 2037 2649 est,
2059 2587 2147 2652 qui
2178 2586 2361 2639 saliam
2384 2586 2578 2637 habuit'

1504 2659 1664 2710 filiam
1679 2662 1809 2711 Titi.
1841 2662 2050 2726 Lipsius.

1570 2743 1593 2768 θ
1628 2737 1733 2792 Quo
1748 2736 1919 2800 juste]
1984 2736 2247 2787 Incestum
2271 2738 2440 2801 carpit
2462 2736 2564 2786 fes-

1506 2812 1615 2860 tive
1650 2812 1850 2861 Seneca
1886 2813 2117 2862 inludo:
2170 2814 2187 2842 ‘
2212 2815 2471 2877 Cogitate,
2494 2813 2561 2863 P.

1509 2887 1570 2936 C·
1594 2886 1746 2949 quale
1766 2891 2068 2949 portentum*
2080 2887 2131 2936 in
2147 2902 2412 2936 numerum
2428 2888 2565 2937 Deo·

1510 2975 1623 3008 rum
1655 2974 1711 3008 se
1740 2960 1902 3023 recipi
1928 2961 2141 3023 cupiat;
2172 2962 2430 3025 principes
2454 2962 2564 3025 pie·

1512 3044 1622 3086 tate
1664 3043 1719 3086 et
1750 3038 1959 3101 justitia
1992 3038 2080 3087 Dii
2114 3036 2264 3088 fiunt.
2352 3038 2568 3087 Scilicet

1510 3112 1595 3161 hic
1617 3113 1731 3176 pius
1766 3118 1823 3162 et
1851 3113 2046 3176 justus,
2068 3114 2304 3177 quoniam
2336 3112 2566 3161 Druida-

1511 3203 1622 3237 rum
1675 3189 1946 3237 immanem
1988 3189 2287 3252 religionem
2337 3188 2566 3251 advexit,

1510 3268 1736 3312 nostram
1759 3277 1965 3326 prorsus
1988 3262 2289 3325 extirpavit,
2310 3268 2368 3311 ut
2387 3263 2570 3312 Roma*r

1511 3338 1800 3400 nuptiarum
1836 3351 1983 3386 sacra
2018 3343 2213 3396 essent,
2235 3337 2417 3401 quibus
2438 3336 2566 3401 ipse,

1510 3428 1626 3462 cum
1648 3412 1745 3461 sibi
1769 3411 2060 3475 Agrippina
2079 3411 2319 3472 nuberet,
2356 3411 2568 3474 triginta

1512 3487 1853 3551 senatoribus,
1865 3487 2138 3536 innumeris
2152 3487 2410 3551 equitibus
2422 3487 2569 3536 Rom.

1510 3563 1766 3626 mactatis,
1782 3562 2087 3627 principium
2104 3561 2267 3624 dedit,
2277 3562 2414 3611 hunc
2435 3576 2572 3612 nunc

1511 3642 1685 3690 Deum
1705 3639 1879 3689 facere
1902 3639 2054 3687 vultis
2076 3634 2112 3686 ?'

1576 3714 1894 3764 Druidarum
1913 3713 2213 3776 religionem
2231 3712 2456 3776 advexit,
2467 3718 2578 3763 non'

1513 3790 1650 3855 quod
1673 3791 1802 3839 tales
1823 3789 2029 3853 nuptias
2057 3789 2387 3839 celebrarent
2410 3790 2572 3851 Galli,
2647 3808 2652 3813 ·

1516 3885 1605 3919 seu
1638 3868 1872 3930 Druidae,
1893 3868 1986 3917 sed
2011 3867 2129 3931 qnia
2163 3869 2215 3915 in
2253 3868 2354 3915 illis
2378 3866 2578 3930 nuptiis⁴

1514 3948 1703 3995 multos
1723 3944 1952 3993 homines
1973 3942 2187 4004 occidit,
2211 3944 2478 4003 mactavit,
2516 3949 2573 3993 et

1516 4021 1658 4071 Galli
1693 4021 1923 4069 homines
1956 4016 2331 4068 sacrificabant.
2407 4018 2574 4069 Immo

1518 4095 1763 4147 Claudius
1802 4091 1913 4155 ipse
1962 4091 2275 4145 Druidarum
2318 4091 2576 4142 sacrificia

1516 4171 1800 4235 prohibuit,
1826 4169 1917 4220 sed
1940 4170 2193 4218 incestum
2216 4174 2270 4217 et
2292 4168 2577 4217 immanita-

1518 4255 1627 4298 tem
1664 4245 1886 4297 bominis
1914 4244 2121 4294 deridet
2151 4240 2383 4304 seneen
2435 4241 2574 4293 forte
