3100 4925
581 411 756 485 1520

1254 426 1321 474 c,
1366 409 1734 471 consumi
1776 420 2030 470 'tzion-1
2090 433 2111 472 ·.

2456 424 2552 488 [At.
2572 426 2639 478 U.
2657 429 2783 480 ⁸102

591 604 600 630 t
665 568 775 634 28.
822 563 1147 632 Manebat
1201 566 1621 630 nihilominus
1664 564 1978 648 ,quiedam
2032 565 2253 644 imago
2304 562 2507 646 Reip.
2597 561 2793 656 Naur

583 671 755 736 inter
773 667 1161 734 Vibullium¹
1197 665 1588 731 Praetorem¹
1620 671 1687 730 et
1731 665 1952 748 plebei
1995 664 2365 727 Tribunum
2409 662 2789 751 Antistium

648 817 824 880 Aliqua
843 821 1001 865 tamen
1021 818 1262 878 supererat
1288 813 1430 877 Reip.
1450 813 1639 877 species.

1712 810 1896 874 Qiaippe
1926 825 2042 859 eum
2081 818 2208 859 mota
2241 812 2477 860 contentio
2509 816 2642 860 esset
2659 812 2793 860 inter·

590 882 844 936 Vibullium
869 884 1123 948 praetorem
1144 884 1190 928 et
1212 879 1476 928 Antistium
1497 877 1738 926 tribunum
1754 875 1925 939 plebis,
1948 877 2072 939 quod
2090 875 2306 925 tribum
2340 876 2562 940 relinqui
2569 876 2792 936 ‚russina

1523 1009 1852 1032 N‘WO‘O

650 1114 681 1157 1.
715 1109 844 1158 Mss.
865 1109 997 1171 Reg-

1098 1105 1169 1156 dl.
1188 1111 1245 1156 et
1270 1105 1524 1154 editiones
1547 1110 1773 1167 veteres,
1793 1103 2061 1153 Bibulium.
2106 1104 2234 1153 Mss.
2268 1104 2422 1152 Harl.
2456 1109 2514 1153 et
2544 1101 2659 1156 Jes.
2690 1103 2794 1154 Bi·

589 1174 761 1225 haum.
810 1173 1013 1235 Lipsius
1036 1185 1085 1244 e¹
1113 1170 1448 1233 recentiores,
1489 1169 1764 1220 Vibullium.
1818 1169 2023 1218 Nomen
2058 1182 2428 1233 nonnunquam
2463 1169 2692 1219 occurrit
2729 1169 2795 1232 in

1589 1283 1800 1334 NOTAE

588 1384 736 1434 velut
776 1382 1048 1445 ingenuus,
1097 1381 1172 1430 ita
1211 1388 1271 1430 nt
1313 1380 1425 1430 fere
1467 1380 1648 1430 eodem
1720 1380 1919 1444 judicio
1943 1364 2158 1441 solenni,
2185 1393 2290 1429 non
2327 1383 2501 1438 tamen
2536 1377 2598 1427 fit
2629 1353 2799 1444 eques·

579 1460 700 1521 jure
723 1463 862 1507 esset
895 1472 998 1520 quo
1022 1457 1167 1506 cives
1191 1462 1246 1506 et
1275 1455 1502 1519 ingenui,
1520 1455 1649 1505 licet

1731 1458 1883 1507 Rom.
1906 1472 2002 1507 nec
2042 1458 2230 1506 dantur
2259 1456 2361 1519 ipsi
2400 1456 2577 1505 annuli
2617 1455 2793 1504 aurei:

590 1545 774 1585 revera
796 1547 896 1582 non
932 1539 1074 1582 esset
1107 1533 1396 1596 ingenua-33
1430 1547 1533 1581 non
1574 1538 1650 1581 ta·
1715 1534 1829 1602 jam
1856 1534 1991 1582 enim
2015 1534 2205 1582 saltare
2242 1547 2345 1582 non
2368 1533 2583 1593 liceret3
2614 1546 2712 1581 nee
2737 1532 2793 1579 id

589 1625 708 1671 men
734 1610 857 1674 jure
898 1609 1040 1667 civili
1084 1609 1135 1657 id
1179 1603 1367 1670 fiebat5
1402 1609 1556 1658 immo
1594 1609 1647 1658 id

591 1686 751 1738 fiebat
789 1692 941 1740 extra
978 1685 1228 1748 ordinem,
1265 1692 1456 1747 praeter
1482 1685 1573 1748 jus
1596 1689 1651 1733 et

590 1764 737 1827 leges
756 1777 948 1823 omnes,
969 1767 1024 1811 et
1045 1764 1154 1821 sola
1176 1762 1440 1810 voluntate
1463 1760 1653 1825 princi·

594 1838 710 1902 pis;
743 1853 910 1904 neque
933 1839 990 1887 id
1027 1853 1121 1902 per
1144 1838 1399 1902 judicium
1420 1838 1654 1900 ingenui-

594 1916 739 1978 tatis,
779 1916 855 1965 ita
898 1921 958 1964 ut
1002 1914 1356 1964 declararetur
1399 1921 1548 1985 ortus
1588 1928 1655 1962 ex

594 1995 793 2045 civibus
814 1995 1056 2044 Romanis
1076 1994 1330 2058 ingenuis.

661 2071 848 2134 Neque
907 2071 1042 2119 enirn
1086 2072 1172 2120 vel
1232 2070 1428 2120 Icelus
1465 2069 1652 2119 Galbae

587 2147 829 2209 libertus,
847 2148 931 2196 vel
953 2146 1213 2195 Asiaticus
1237 2145 1458 2207 Vitellii,
1478 2161 1655 2209 quarn-

595 2222 674 2271 vis
691 2223 865 2272 ornati
888 2222 1057 2271 aureis
1091 2222 1310 2283 annulis,
1345 2227 1400 2269 et
1435 2219 1563 2270 facti
1591 2236 1655 2269 ex

593 2297 803 2347 libertis
843 2299 982 2348 cives
1020 2305 1076 2348 et
1112 2300 1334 2363 equites,
1367 2298 1442 2346 illi
1477 2304 1653 2346 tamen

595 2388 764 2439 neque
818 2374 1068 2424 declarati
1111 2375 1336 2438 ingenui,
1373 2373 1518 2438 quasi
1563 2389 1657 2438 per

588 2451 676 2514 jus
721 2451 894 2514 civile,
936 2467 1105 2515 neque
1144 2451 1401 2515 judicium
1446 2448 1655 2514 aliquod

596 2526 931 2589 ingenuitatis
955 2527 1021 2575 de
1044 2528 1102 2575 iis
1125 2527 1510 2588 pronuntiatum
1527 2532 1624 2574 est.

611 2629 624 2638 —
663 2599 739 2649 At
779 2600 877 2649 hoe
916 2610 1092 2648 nostro
1130 2615 1253 2648 casu
1300 2601 1467 2662 Paris,
1512 2601 1658 2664 quasi

597 2675 796 2739 hgibus
825 2681 883 2724 et
904 2676 1022 2739 jure
1057 2675 1195 2724 civili
1217 2677 1365 2727 Rom.
1391 2684 1470 2724 est
1493 2688 1660 2725 asser·

601 2758 688 2817 tus
728 2752 782 2801 in
817 2751 1216 2820 libertatem-et
1250 2752 1541 2801 declaratus
1583 2753 1661 2800 in·

600 2843 818 2894 genuus,
859 2829 1346 2892 pronuntiatumque
1376 2827 1662 2889 ingenuita-

600 2908 666 2956 tis
692 2905 942 2970 judicium
966 2905 1114 2966 jussu
1158 2903 1402 2962 Neronis,
1435 2902 1662 2966 quode-

600 2983 831 3030 elaratur
846 2987 990 3029 ortus
1006 2995 1072 3028 ex
1090 2971 1391 3043 parentibus
1410 2978 1661 3041 ingenuis,

601 3064 657 3108 et
674 3057 764 3122 qui
794 3070 1068 3120 nunquam,
1088 3056 1390 3117 seryissent,
1410 3061 1468 3103 et
1487 3054 1660 3104 decla-

600 3138 746 3183 ratur
784 3133 896 3195 ipse
924 3132 1184 3180 immerito
1218 3137 1274 3180 et
1308 3144 1582 3194 perperam
1607 3131 1660 3179 in

603 3210 908 3259 sei-vitutem
941 3216 1143 3270 ,tractus
1176 3210 1224 3259 a
1251 3207 1487 3259 Domitia
1511 3215 1610 3258 aut
1631 3224 1662 3257 a

525 3322 530 3327 .
601 3286 892 3336 venditore.

505 3387 521 3403 ·
621 3388 629 3411 l
667 3362 738 3411 Et
780 3359 926 3411 forte³
949 3369 1053 3411 tam
1093 3361 1318 3426 egregio,
1342 3366 1552 3427 tamque
1602 3362 1664 3410 il-

603 3436 752 3487 lustri
794 3437 1137 3499 Pantomimo,
1178 3437 1358 3500 et‘qui
1403 3437 1454 3485 iu
1496 3437 1667 3499 gratia

604 3510 1002 3576 fiagrantissima
1022 3513 1161 3575 apud
1197 3512 1481 3577 principem
1509 3520 1667 3577 esset,

606 3601 707 3635 non
720 3585 953 3648 defuere,
978 3590 1065 3652 qui
1089 3588 1443 3651 genealogiam
1463 3590 1670 3653 amplis·

604 3660 803 3724 simam,
843 3663 1258 3724 vetustissimam,
1280 3663 1670 3715 nobilissimam-

606 3749 703 3800 que
727 3737 777 3784 ei
798 3744 1159 3800 contexerent,
1189 3746 1246 3787 et
1282 3739 1466 3788 mirum
1487 3738 1668 3802 fuerit,

607 3810 662 3859 ui
682 3810 838 3863 etim
870 3810 937 3860 ad
972 3815 1176 3875 regiam·
1203 3814 1426 3877 aliquam
1448 3816 1667 3877 stirpem

605 3885 744 3941 illius
757 3893 978 3943 ,stenima
1013 3887 1273 3939 referrent
1305 3897 1366 3940 ut
1389 3888 1589 3939 factum
1613 3891 1677 3938 in*

559 3992 564 3999 .
608 3961 821 4015 Claudio
859 3962 1324 4023 Pallante„Aete.
1362 3965 1568 4028 liberta,
1613 3972 1668 4015 et

607 4038 749 4099 aliis:
783 4044 840 4087 et
871 4046 931 4088 ut
954 4039 1233 4091 etiamnum
1255 4039 1315 4089 fit
1330 4041 1388 4091 in
1413 4040 1666 4090 similibus

608 4114 1025 4178 capitibus,-eum
1040 4112 1226 4165 florent
1246 4115 1432 4178 opibus
1464 4122 1668 4181 etgra-

611 4189 1026 4250 tiaduminantis.

631 4312 642 4321 .
671 4264 843 4333 Igitur
882 4265 1173 4333 declaratur
1195 4226 1201 4233 ·
1223 4266 1472 4332 ingenuus
1513 4266 1683 4337 Paris.
1700 4284 1718 4299 ⁰

1731 1609 1954 1658 siluisset
2008 1610 2252 1670 Tacitus;
2330 1609 2466 1658 sieut
2512 1622 2687 1675 ‚neque
2722 1608 2794 1656 de

1731 1685 1878 1735 Icelo
1900 1693 1992 1736 ant
2006 1686 2236 1736 Asiatico
2256 1687 2472 1736 reticuit
2492 1704 2507 1747 ;
2531 1692 2588 1735 et
2608 1685 2796 1740 fuisset

1731 1762 1885 1825 longe
1907 1762 2070 1825 major
2099 1760 2314 1811 infamia
2339 1762 2580 1823 Neronis,
2601 1762 2642 1811 si
2663 1776 2799 1825 prae-

1735 1833 1881 1887 terea
1905 1841 2142 1886 ornasset
2174 1827 2557 1887 Pantomimum
2588 1832 2799 1901 fastigio

1734 1912 1977 1978 equestri.

1798 1996 1831 2021 w
1862 1988 2132 2052 Judicium]
2178 1989 2263 2037 Ita
2299 1988 2400 2038 fuit
2436 1988 2630 2039 factum
2667 1990 2800 2053 judi-

1715 2064 1857 2115 cium
1893 2065 2225 2126 ingenuitatis,
2270 2072 2326 2114 et
2366 2066 2441 2113 ita
2475 2065 2795 2115 declaratum

1735 2148 1816 2189 est
1852 2154 2113 2204 nunquam
2127 2141 2270 2203 juste
2290 2135 2536 2190 Paridem
2558 2137 2797 2203 servisse,

1735 2222 1793 2264 ut
1815 2232 1928 2281 quae
1963 2217 2214 2273 Domitiae
2254 2224 2485 2282 patronae
2520 2230 2615 2280 pro
2645 2217 2801 2266 liber-

1737 2300 1845 2342 tate
1869 2293 2109 2353 dederat,
2141 2294 2410 2357 repetierit
2435 2309 2527 2358 per
2545 2292 2803 2357 judicem,

1735 2384 1824 2425 sen
1844 2383 1938 2431 per
1961 2368 2014 2416 id
2036 2370 2200 2432 ipsum
2223 2370 2480 2432 judicium
2510 2370 2798 2435 ingenuita-

1740 2444 1826 2504 tis,
1846 2458 1948 2494 non
1964 2443 2101 2494 forte
2129 2451 2233 2495 tam
2257 2446 2448 2509 ingrati
2470 2444 2624 2494 animi
2647 2444 2798 2506 vitio,

1737 2521 2028 2586 quam'quia
2053 2523 2206 2571 aliter
2231 2525 2521 2586 perpetrari
2548 2522 2800 2584 talejudi-

1737 2597 1860 2645 oium
1882 2598 2196 2658 ingenuitatis
2217 2611 2318 2646 non
2340 2599 2592 2659 potuerit.

1758 2710 1763 2717 .
1804 2674 1854 2723 N
1860 2689 1940 2722 am
1962 2674 2087 2738 quid
2108 2674 2290 2724 decem
2313 2675 2575 2737 sestertia,
2592 2674 2634 2722 si
2652 2681 2804 2723 recto

1727 2750 1948 2813 judicio,
1989 2751 2235 2813 justoque
2292 2750 2461 2812 pretio
2515 2749 2802 2798 estimetur

1742 2826 1858 2873 talis
1892 2832 2170 2889 tantusque
2215 2826 2606 2875 Pantomimus?
2640 2828 2803 2874 decem

1746 2913 1829 2948 ns·
1849 2907 1968 2950 sunt
1981 2906 2097 2950 250.
2121 2903 2370 2965 coronati,
2381 2917 2473 2952 seu
2483 2907 2596 2953 7⁶0.
2613 2903 2782 2955 librae.

1802 2975 1909 3024 Sed
1962 2976 2018 3025 id
2066 2978 2411 3040 compositum
2458 2979 2513 3027 in
2558 2978 2806 3043 speeiem,

1740 3051 1859 3115 quia
1878 3065 1995 3113 non„
2019 3053 2191 3115 potnit
2220 3053 2374 3102 aliter
2388 3054 2554 3119 Paris
2574 3054 2626 3102 in
2648 3054 2804 3104 liber-

1741 3134 1903 3178 tatem
1925 3145 2016 3178 sen
2036 3130 2411 3193 ingenuitatem
2441 3132 2806 3195 vindicari-ju-

1741 3205 1878 3254 dicio
1894 3212 1950 3256 et
1971 3207 2194 3270 legibus,
2215 3208 2339 3271 quin
2363 3209 2514 3258 simul
2536 3215 2810 3273 repeteret

1743 3297 1775 3333 a
1798 3283 2047 3346 Domitia,
2066 3283 2206 3347 quod
2227 3284 2422 3348 injuste
2445 3301 2512 3335 ex
2535 3286 2809 3349 supposito

1744 3358 2082 3421 persolvisset
2102 3373 2198 3422 pro
2217 3360 2483 3425 libertate,
2503 3376 2656 3426 quam
2678 3375 2809 3413 nun·

1745 3447 1898 3498 quam
1922 3447 2045 3482 vere
2070 3434 2325 3485 amisisset
2355 3437 2474 3486 ille:
2515 3452 2614 3486 nee
2637 3437 2813 3500 potnit

1734 3509 1987 3572 judicium
2011 3510 2507 3575 ingenuitatis-fieri,
2530 3513 2630 3561 nisi
2653 3514 2809 3576 pee'u-

1748 3585 1883 3633 niam
1905 3584 2078 3657 datam
2098 3600 2191 3647 pro
2215 3586 2455 3653 libertate
2479 3593 2762 3650 repeteret·

1766 3700 1773 3707 .
1815 3662 2001 3725 Neque
2038 3661 2201 3710 aliter.
2229 3662 2380 3711 Paris
2402 3664 2539 3726 eripi
2565 3662 2811 3712 Domitiae

1747 3739 1938 3800 potnit,
1960 3738 2060 3785 nisi
2099 3752 2196 3799 per
2233 3739 2339 3787 tale
2367 3738 2626 3801 judicium
2665 3730 2810 3802 infie-

1746 3814 1977 3861 nuitatis.
2027 3813 2258 3862 Domitia
2278 3815 2434 3874 enim,
2456 3822 2698 3878 tanquam
2721 3806 2812 3878 pa·

1751 3896 1920 3950 trona,
1935 3890 2024 3952 jus
2065 3888 2115 3936 in
2156 3888 2400 3939 libertum
2437 3904 2584 3938 suum
2619 3890 2810 3951 retine-

1747 3965 1858 4027 bat,
1888 3965 2027 4029 quod
2063 3965 2154 4028 jus
2191 3967 2430 4014 amittere
2465 3979 2566 4014 non
2618 3966 2818 4029 potuit,

1747 4041 1845 4089 uisi
1890 4056 2002 4105 per.
2029 4042 2133 4090 tale
2169 4041 2445 4104 judicium,
2490 4056 2580 4090 seu
2636 4042 2811 4104 potius

1745 4117 1932 4180 scelus,
1965 4124 2329 4181 perpetratum
2360 4119 2511 4181 jussu
2563 4118 2810 4184 Neronis,

1747 4191 1879 4245 falsa
1898 4194 2071 4255 speeie
2081 4194 2214 4257 juris
2239 4200 2293 4243 et
2310 4195 2500 4257 legum.
2642 4222 2651 4229 ·
2676 4224 2681 4231 ·

1770 4310 1779 4315 -
1809 4275 1839 4316 8.
1871 4271 2002 4320 Num
2046 4271 2177 4326 irater
2235 4271 2497 4323 Vibullium
2527 4271 2819 4336 murem]
