3100 4925
534 423 709 495 1606

536 590 612 648 ut
642 582 859 667 copiae
891 602 1009 665 per
1035 590 1266 661 mare,¹
1292 581 1444 645 dein
1475 581 1832 646 Rhodanot
1867 589 1931 646 et
1978 555 2211 662 Arare·
2224 583 2590 659 subvectae,
2623 603 2752 666 per

536 705 688 749 eam
732 686 1003 761 fossam,
1054 704 1214 747 mox
1261 684 1464 748 fluvio
1507 684 1794 747 Mosella
1839 685 1907 746 in
1952 682 2282 757 Rhenum,
2311 685 2491 745 exin³
2526 683 2747 747 Ocea⁴

535 794 719 850 numu
773 786 1225 848 decurrerent:
1295 785 1704 867 sublatisque
1743 787 2039 847 itinerum
2074 784 2596 859 difficultatibuS,
2626 799 2748 847 na·

535 887 844 969 vigabilia
876 891 1041 950 inter
1073 907 1144 949 se
1174 885 1542 951 occidentis
1567 886 2191 968 septentrionisque⁴
2214 885 2462 948 littorav
2488 884 2745 949 fierent.

536 986 789 1052 Invidit
838 989 1018 1069 operi
1073 986 1294 1049 AElius
1346 985 1688 1063 Gracilis,⁵
1714 993 1753 1021 '⁹
1802 986 2127 1068 Belgicae¹
2188 985 2500 1065 IfflgatuS,
2531 985 2746 1051 deter-

1261 439 1327 491 c.
1374 438 1738 490 coenatu
1785 439 2040 491 'rAcrrx
2412 443 2503 508 [A‘.
2527 443 2595 497 u,
2618 419 2761 498 3125

538 1170 586 1213 et
603 1163 760 1214 Arare
779 1166 949 1222 delati,
967 1180 1056 1227 per
1078 1180 1181 1214 eum
1202 1167 1425 1226 canalem,
1446 1169 1557 1216 dein
1575 1183 1712 1217 amne
1734 1169 1933 1216 Mosella
1954 1166 2324 1216 deueherentur
2304 1181 2357 1214 m
2372 1165 2613 1227 Rhenum
2634 1180 2751 1214 mox

537 1231 592 1277 in
613 1229 883 1278 Oceanum.-
916 1230 1176 1292 ‹temti-tque
1195 1231 1377 1279 viarum
1401 1233 1645 1291 molestiis,
1675 1233 1968 1293 navigabiles
1997 1246 2057 1279 ac
2094 1232 2283 1293 pervim
2308 1231 2521 1278 navibus
2544 1230 2751 1278 inuicem

537 1293 703 1350 tinent
737 1294 952 1355 regiones
990 1293 1261 1343 Occidentis
1298 1294 1747 1359 Septentrionisque.
1810 1296 1972 1345 AElius
2005 1295 2216 1345 Gracilis
2245 1295 2460 1356 Belgicoe
2490 1294 2752 1360 prefectus

1457 1439 1815 1459 OOOOOOOOOOO

538 1534 848 1584 Baetim—3
890 1533 973 1582 Sic
997 1533 1130 1582 bene
1161 1534 1475 1583 Puteolanus
1504 1539 1560 1582 et
1595 1535 1924 1583 recentiores.
2008 1534 2071 1583 In
2093 1533 2323 1584 editione
2336 1534 2594 1597 principe,
2613 1533 2751 1584 dein.

538 1600 795 1647 Tentabat
817 1598 1065 1657 Pichena,
1082 1603 1127 1645 et
1151 1598 1216 1646 in.
1253 1598 1512 1649 [εἴβοι-«1
1539 1597 1897 1659 Septemtrionis
1917 1600 2184 1648 Brotierus
2207 1614 2322 1646 cum
2348 1599 2576 1647 Homero
2597 1598 2750 1659 legit.

538 1691 584 1698 -
605 1669 631 1710 5
672 1663 797 1711 Mss.
820 1661 965 1710 Harl.
992 1661 1142 1710 Bodl.
1166 1662 1273 1712 Jes.
1300 1661 1477 1711 Guelf.
1501 1670 1558 1710 et
1582 1662 1918 1721 Puteolanus,
1944 1663 2115 1712 Helius
2140 1664 2363 1710 Gracilis.
2447 1663 2549 1709 Ms.
2585 1662 2750 1711 Corb.

547 1727 774 1776 Graccus.
841 1726 1124 1789 Perper-am
1160 1725 1214 1774 in
1251 1726 1477 1775 editione
1502 1726 1758 1789 principe,
1774 1727 1949 1775 invidit
1971 1727 2099 1791 operi
2120 1728 2218 1787 <jus
2241 1726 2469 1776 Gracilis.
2535 1725 2750 1788 Lipsius

1530 1887 1579 1936 N
1587 1888 1748 1937 OTAE

527 1999 728 2063 joribus
749 2000 1069 2061 Burgundiae
1087 2001 1326 2050 Ducatus
1349 2006 1403 2050 et
1425 2000 1596 2050 Comi-

538 2082 695 2137 tatus,
739 2075 1093 2137 Lugdunensis
1133 2082 1187 2125 et
1227 2076 1596 2138 Delphinatus,

537 2150 592 2197 in
631 2164 792 2211 regno
814 2151 1048 2198 Francia*
1089 2159 1145 2200 et
1192 2152 1473 2215 acquisitis,
1493 2155 1594 2201 διε.

542 2225 862 2275 Tiuemonius.

601 2308 620 2333 ⁸
660 2302 727 2350 Ut
760 2302 904 2365 copioe
937 2318 1025 2365 per
1061 2303 1213 2365 mare]
1280 2304 1503 2367 Nempe,
1535 2312 1596 2354 ut

539 2377 722 2440 copiae,
775 2392 891 2441 quae
933 2378 1290 2428 adventabant
1326 2395 1391 2428 ex
1429 2380 1605 2443 Italia,

538 2450 675 2501 sorte
717 2457 772 2501 et
813 2468 882 2503 ex
903 2455 1192 2516 ‚provinciis
1231 2456 1605 2519 transmarinis,

540 2542 605 2575 ex
630 2528 868 2591 Oriente,
907 2537 963 2577 et
996 2543 1062 2578 ex
1097 2531 1211 2594 ipsa
1233 2530 1415 2579 Africa
1444 2539 1602 2597 atque

544 2602 814 2664 Hispania,
835 2617 930 2665 per
963 2619 1105 2652 mare
1129 2605 1363 2666 interius,
1391 2612 1448 2653 et
1482 2607 1603 2654 exin

537 2677 792 2725 Rhodano
827 2685 881 2726 et
919 2676 1070 2727 Arari
1109 2680 1390 2736 subvectae,
1429 2689 1484 2728 et
1516 2696 1606 2743 per

531 2768 640 2802 cam
664 2750 866 2816 fossam,
886 2770 996 2803 mox
1017 2754 1174 2817 fluvio
1198 2757 1429 2813 Mosella3
1480 2758 1599 2806 exin

534 2828 586 2876 in
610 2829 940 2879 Germaniam
965 2836 1235 2894 utramque
1259 2839 1315 2881 et
1332 2833 1599 2895 Belgicam

535 2911 591 2951 et
633 2905 869 2954 Oceanum
882 2921 900 2961 ,-
949 2905 1070 2954 dein
1111 2913 1166 2954 et
1200 2907 1250 2954 in
1285 2907 1447 2969 ipsam
1484 2908 1599 2955 Bri-

536 2981 782 3041 tanniam,
815 2981 1013 3044 aliaque
1052 2980 1398 3043 Septentrionis
1432 2983 1599 3033 littora

534 3053 889 3103 decurrerent.

602 3129 618 3161 ί
651 3129 905 3190 Rhodano]
955 3129 1231 3179 Rhodanus
1255 3129 1438 3181 fluvius
1465 3135 1598 3183 Nar-

535 3205 777 3254 bonensis
800 3221 891 3254 seu
915 3207 1215 3255 Viennensis
1239 3209 1460 3271 regionis
1476 3210 1599 3259 Gal-

535 3282 638 3344 liae,
660 3285 712 3331 in
736 3298 876 3332 mare
899 3284 1174 3345 Gallicum,
1214 3297 1415 3348 partem
1438 3288 1595 3337 maris

535 3360 932 3422 Mediterranei,
954 3375 1009 3408 se
1026 3367 1290 3411 exonerat.

533 3452 540 3457 ·
602 3435 776 3485 Hodie
796 3438 840 3484 le
867 3437 1028 3485 Rhose
1051 3438 1101 3484 in
1127 3437 1373 3486 Helvetia
1393 3438 1597 3488 hodier-

533 3526 620 3575 na,
650 3518 705 3562 et
739 3514 888 3561 Statu
921 3514 1207 3575 Sabaudiae,
1228 3524 1284 3561 et
1318 3516 1370 3562 in
1392 3516 1598 3578 majori·

535 3586 630 3636 bus
655 3588 981 3650 praefecturis
1011 3589 1322 3652 Burgundiae
1343 3591 1598 3654 Ducatus,

531 3664 909 3728 Lugdunensis,
963 3667 1354 3730 Delphinatus,
1386 3668 1594 3717 Occita·

530 3741 630 3789 niae
668 3755 756 3788 seu
797 3743 1178 3803 Languedocii:
1228 3750 1282 3791 et
1302 3744 1593 3792 Provinciae

533 3816 586 3864 in
609 3830 768 3879 regno
790 3818 1046 3879 Franciae,
1081 3826 1133 3867 et
1157 3819 1205 3867 in
1229 3819 1410 3868 vicinis
1433 3821 1595 3882 regio-

531 3891 700 3941 nibus.
772 3892 1016 3947 Tillemon.

596 3974 620 4000 ¹¹
657 3965 916 4027 Oceanum]
981 3967 1220 4016 Oceanus
1243 3970 1595 4019 Occidentalis

536 4044 618 4094 vel
661 4042 969 4102 Atlanticus,
1024 4044 1172 4092 alluit
1214 4054 1414 4107 partem
1460 4049 1593 4096 oeci·

463 4114 468 4119 ’
533 4119 1041 4183 dentalem·Europae
1067 4129 1119 4168 et
1147 4120 1355 4171 Africae.

600 4196 769 4246 Hodie
817 4211 999 4245 nomen
1045 4197 1310 4261 antiquum
1368 4197 1595 4247 retinet.

532 4279 750 4346 vocatur
788 4273 947 4324 etiam
982 4288 1012 4323 a
1054 4274 1282 4338 Francis,
1314 4275 1362 4323 la
1403 4275 1600 4326 Grande

1678 2000 1807 2049 Mer.
1877 2000 2027 2048 Mare
2052 1998 2497 2047 Mediterraneum
2522 2010 2643 2061 pars
2664 2003 2753 2047 est

1676 2077 1822 2138 liujus
1847 2076 2066 2124 Oceani.
2139 2075 2377 2122 Tillemon.

1740 2158 1763 2183 v
1799 2150 2069 2199 Occidentis
2105 2148 2521 2211 septentrionisque
2551 2147 2751 2211 littora]

1678 2227 1811 2275 Haec
1850 2242 1967 2276 cum
2008 2225 2305 2284 scriberem,
2343 2223 2605 2271 Henricus
2646 2223 2749 2274 IV.

1677 2304 1993 2352 Francorum
2072 2302 2183 2349 Rex
2265 2298 2752 2360 christianissimus,

1677 2377 1815 2426 idem
1850 2378 1903 2425 in
1937 2375 2113 2426 Gallia
2145 2373 2485 2422 moliebatur:
2527 2374 2749 2438 jamque

1679 2461 1799 2517 post
1821 2452 2053 2516 ingentia
2068 2457 2246 2513 ‘oper-a,
2282 2449 2590 2498 decreverat
2612 2448 2751 2499 Ara-

1681 2530 1774 2578 rim
1799 2529 1982 2589 Mosae,
2002 2527 2223 2589 Ligerim
2248 2527 2499 2587 Sequanae
2540 2531 2593 2574 et
2630 2527 2750 2576 Ma-

1680 2615 1842 2654 tronae
1867 2605 2213 2666 conjungere:
2266 2608 2324 2648 ut
2359 2616 2390 2647 a
2412 2601 2750 2664 Massiliensi,

1681 2688 1738 2730 et
1770 2680 2035 2744 Tyrrheno
2058 2678 2185 2726 mari
2216 2676 2283 2724 ad
2314 2677 2748 2739 Burdigalensem

1683 2757 1949 2805 Oceanum
1991 2756 2171 2816 iretur,
2208 2760 2264 2801 et
2308 2768 2340 2800 a
2379 2753 2631 2801 Rhodano
2678 2754 2746 2802 ad

1679 2846 1842 2896 usque
1869 2832 2060 2880 Iccium
2085 2835 2309 2892 portum,
2332 2835 2388 2876 et
2420 2829 2749 2891 Septentrio-

1678 2909 1756 2955 nis
1780 2908 1964 2955 ultima
1982 2907 2175 2955 littora.

1743 2982 1897 3034 Quod
1935 2983 2153 3045 imperio
2190 2981 2409 3041 validus,
2444 2994 2620 3030 omnes
2662 2982 2747 3031 sui

1678 3059 1882 3121 imperii
1912 3066 2088 3121 partes
2112 3057 2339 3105 adunare
2372 3056 2553 3117 vellet,
2575 3061 2631 3104 et
2669 3056 2750 3106 ita

1679 3140 2009 3203 conjungere,
2033 3146 2089 3187 ut
2113 3139 2252 3186 nullo
2279 3134 2489 3198 negotio
2511 3136 2748 3184 remotis-

1679 3216 1806 3263 sima
1829 3230 2053 3278 quaeque
2072 3214 2223 3262 facile
2240 3212 2339 3261 sibi
2362 3217 2750 3274 succurrerent,

1676 3297 1730 3340 et
1782 3292 1995 3340 coirent.
2094 3292 2225 3341 Quae
2272 3287 2566 3337 emendatio
2602 3287 2746 3337 orbis

1678 3373 1881 3416 tentata
1901 3367 2157 3432 quondam
2182 3364 2502 3429 principibus
2525 3362 2748 3426 magnis.

1675 3443 1915 3491 Aurelius.

1741 3519 1951 3567 Meliori
1975 3518 2079 3567 fide
2099 3525 2153 3565 et
2176 3516 2287 3565 fato
2312 3523 2584 3579 utrumque
2600 3530 2747 3565 mare

1678 3595 1949 3658 conjunxit
1989 3595 2087 3642 aevi
2125 3593 2287 3642 nostri
2323 3593 2487 3655 gloria
2523 3592 2750 3641 Lndovi-

1677 3686 1767 3719 cus
1790 3673 2030 3733 Magnus,
2053 3668 2303 3733 perducta
2332 3669 2471 3717 fossa
2497 3668 2749 3718 Narbone

1674 3763 1838 3811 nsque
1853 3750 2147 3797 Tholosam:
2174 3748 2290 3794 dein
2309 3748 2574 3796 Garumna
2594 3760 2750 3795 amne

1674 3837 1834 3872 naves
1875 3823 2223 3886 Burdegalum
2269 3828 2325 3869 et
2371 3823 2429 3872 in.
2468 3820 2749 3870 Oceanum

1675 3897 1947 3947 feruntur:
1998 3899 2154 3962 idque
2187 3899 2325 3947 inter
2349 3900 2444 3946 aevi
2467 3899 2628 3945 nostri
2654 3902 2748 3946 mi-

1674 3974 1866 4023 racula.

1739 4057 1771 4081 '⁷
1815 4051 1976 4098 AElius
2011 4051 2241 4113 Gracilis]

1679 4125 1936 4174 Gracchus.
1998 4126 2219 4188 Lipsius.

1741 4207 1767 4233 ³¹
1800 4200 2037 4262 Belgicoe]
2102 4200 2334 4263 Belgica,
2375 4199 2512 4262 regio
2553 4199 2748 4250 Gallim

1679 4278 1908 4328 Comatae
1935 4278 2000 4327 ad
2022 4276 2532 4341 septentrionem2et
2568 4273 2636 4324 ad
2670 4275 2750 4326 0-

2305 4051 2350 4097 Ε
2384 4050 2546 4109 libris‚
2584 4049 2751 4098 AElius
