3100 4925
381 443 470 501 *oe
486 438 558 515 οὲ
568 445 684 511 sot}

1076 422 1491 490 asinanum
1539 435 1689 488 ms.
1740 435 1916 491 xm.

2392 391 2497 487 ΛΥ·

2414 443 2425 451 ·
2476 409 2606 489 593

2427 555 2434 566 Q
2549 565 2567 586 ,ἱ

1402 619 1618 702 Nom:

366 846 370 850 ,
403 795 509 858 sal,
545 809 648 861 quo
678 794 802 848 sciri
828 801 1006 860 posset
1041 809 1107 846 an
1128 794 1352 845 universi
1375 809 1463 859 pe-

410 871 564 922 dibus
586 871 973 921 in-sententiam
994 871 1226 937 ejus,qni
1243 872 1465 936 primum

410 949 703 1011 censuerat,
738 948 1041 998 transirent.
1108 947 1205 997 Cui
1238 947 1281 996 si
1315 961 1467 998 nemo

408 1021 747 1085 contradixit,
802 1024 882 1072 vel
918 1035 1130 1072 numero
1174 1022 1467 1086 pauciores,

400 1110 494 1161 per
509 1097 829 1147 discessionem
846 1093 1042 1147 factum
1065 1097 1163 1147 SC.
1184 1096 1305 1148 fnit.
1390 1127 1398 1138 ·

473 1173 592 1221 Hoc
614 1172 835 1236 conjicio
856 1187 921 1221 ex
943 1173 980 1222 l.
1003 1186 1099 1223 xv.
1119 1172 1258 1226 Ann.
1277 1174 1467 1230 ‘Post-

397 1236 565 1313 iln'am
597 1247 962 1299 discessionem
996 1249 1173 1298 consul
1212 1251 1467 1315 permisit,

401 1325 629 1388 ‘pedibus
650 1325 704 1374 in
726 1326 1034 1375 sententiam
1058 1326 1168 1390 ejus
1191 1327 1316 1392 iere,
1343 1344 1467 1392 pan-

408 1400 484 1450 cis
502 1401 755 1454 exemtis?
831 1401 1093 1466 Addoqne
1113 1403 1329 1453 Sueton.
1350 1403 1468 1453 Tib.

408 1478 490 1525 31.
516 1477 532 1503 ⁴
559 1476 688 1526 Cum
708 1477 808 1527 SC.
832 1492 926 1540 per
947 1477 1310 1529 discessionem
1331 1477 1469 1530 forte

409 1548 580 1615 fleret,
619 1558 968 1602 transeuntem
1004 1568 1120 1602 enm
1159 1553 1211 1604 in
1253 1555 1470 1607 alteram

406 1633 633 1691 partem,
651 1629 704 1678 in
726 1644 825 1694 qna
845 1630 1115 1698 panciores
1138 1637 1306 1693 erant,
1325 1646 1471 1681 secu-

409 1708 495 1753 tns
518 1708 599 1755 est
634 1702 820 1755 nemo!
887 1705 973 1754 Ita
1002 1707 1169 1755 Varro
1213 1707 1472 1757 intellexit

411 1777 683 1843 scriptum,
718 1778 834 1834 ficri
864 1781 965 1831 SC.
1017 1796 1106 1849 per
1133 1782 1470 1848 discessionem,

411 1854 455 1904 si
477 1855 877 1906 consentiretur.

478 1930 614 1987 Cum,
650 1945 793 1993 vero,
844 1931 1155 1985 discessione
1201 1936 1472 2000 permissa,

399 2006 658 2056 transiret
712 2005 864 2058 nemo
901 2009 953 2058 in
992 2013 1301 2083 sententiam
1338 2012 1473 2062 illins

414 2080 504 2148 qni
526 2083 719 2146 primus
742 2084 976 2146 dixisset,
997 2085 1049 2134 in
1073 2099 1130 2136 re
1151 2087 1355 2137 seilicet
1376 2087 1469 2137 du·

412 2156 517 2220 bia,
558 2158 823 2222 inceptum
847 2175 878 2209 a
900 2161 1064 2225 gradu
1087 2161 1343 2212 consulari
1377 2178 1472 2226 per

411 2231 638 2296 singulos
654 2241 922 2286 senatores
937 2238 1221 2288 sententias
1239 2239 1469 2306 exquiri:

409 2317 522 2359 tum
577 2324 701 2359 voce
749 2312 954 2374 prolata
991 2315 1274 2365 assentiens
1311 2316 1472 2379 priori

399 2386 705 2448 sententias,
722 2400 818 2436 nec
840 2402 907 2437 ex
924 2389 1118 2452 scripto
1140 2385 1363 2441 recitata
1385 2383 1484 2441 illa

414 2467 514 2523 est,
534 2462 617 2510 vel
653 2478 684 2513 a
722 2464 882 2526 priori
924 2466 1149 2529 diversa,
1189 2468 1348 2518 verbo
1388 2484 1476 2519 ex·

413 2543 621 2602 promta
663 2539 903 2604 primum,
923 2534 1129 2590 'deinde
1172 2557 1238 2592 ex
1283 2544 1478 2594 tabella

421 2615 590 2664 relata
611 2623 712 2679 est,
737 2618 830 2667 nti
852 2617 1000 2668 licuit
1019 2617 1082 2667 iis
1107 2619 1192 2684 qni
1204 2620 1291 2684 jus
1305 2620 1477 2670 dieen-

415 2688 497 2738 dm
543 2690 818 2741 sententiae
853 2693 1196 2756 accepissent.
1261 2692 1358 2744 Ait
1389 2694 1475 2745 hic

416 2765 705 2828 Cornelius,
726 2783 829 2831 quoe
848 2769 1017 2818 vellent
1040 2784 1332 2833 expromere,
1354 2772 1477 2820 rela-

412 2842 673 2907 tionemque
704 2845 758 2892 in
794 2859 850 2893 ea
884 2848 1122 2908 postulare
1138 2862 1158 2903 ,·
1190 2845 1243 2894 id
1285 2852 1384 2910 est,
1414 2847 1477 2901 iis

418 2917 507 2982 qni
542 2918 597 2968 in
616 2926 850 2969 senatum
871 2921 1168 2983 veniebant,
1193 2928 1249 2971 et
1270 2930 1477 2974 senten-

415 2992 506 3043 tiae
536 2993 626 3057 jns
664 2993 939 3055 habebant,
976 2996 1126 3045 licuit
1155 3010 1385 3061 censere,
1422 3004 1480 3047 et

419 3067 546 3118 alios
567 3077 627 3119 nt
639 3070 749 3133 jaun
774 3071 969 3133 piacita
990 3070 1299 3135 dividerent,
1333 3078 1389 3122 et
1409 3071 1477 3123 de

417 3143 633 3208 singulis
686 3144 969 3210 referrent,
1014 3162 1113 3212 qua
1154 3147 1477 3213 viderentur,

420 3234 622 3285 rogare.

407 3312 418 3321 ·
482 3294 572 3346 Illi
587 3302 763 3348 autem
803 3300 890 3363 qni
922 3299 975 3348 in
1009 3306 1247 3350 senatum
1269 3300 1477 3365 quidem

417 3372 714 3437 *veniebang
775 3376 864 3424 sed
925 3377 1049 3440 quia
1099 3377 1154 3426 in
1209 3379 1478 3440 postremis

418 3449 602 3512 scripti
624 3456 794 3513 erant,
816 3465 918 3500 non
936 3452 1249 3516 rogabantur
1273 3459 1479 3503 senten-

421 3523 541 3586 tias,
577 3530 636 3574 ut
656 3526 693 3575 i.
718 3538 806 3575 m.
838 3526 1071 3590 Agellius
1091 3527 1272 3591 refert,
1309 3527 1402 3578 sed
1426 3528 1480 3577 in

422 3614 511 3649 eas
527 3599 933 3667 descendebant,
954 3618 1079 3668 quas
1104 3604 1366 3668 principes
1383 3605 1481 3654 viri

421 3676 693 3726 dixissent.
760 3678 935 3730 Quare
966 3688 1023 3730 et
1058 3680 1125 3729 ab
1162 3680 1261 3728 iliis
1294 3679 1485 3730 disces-

419 3753 568 3802 sione
599 3752 756 3815 facta,
794 3761 849 3804 et
867 3755 934 3804 ab
972 3755 1086 3804 aliis
1119 3755 1214 3823 qui
1231 3755 1343 3818 jam
1365 3769 1485 3805 cen·

419 3828 661 3891 siuissent,
683 3829 914 3878 cessione
933 3830 1228 3892 sententiae,
1244 3827 1484 3893 faciendo

423 3917 522 3969 per
543 3904 846 3954 relationem
866 3904 1004 3957 soto
1025 3905 1273 3955 discessio
1308 3920 1482 3955 neces—

411 3972 559 4033 ‘saria
578 3977 698 4043 fait,
722 3994 837 4044 quae
866 3980 1026 4045 juxta
1065 3982 1222 4031 cnriae
1257 3982 1483 4047 discipli-

423 4069 546 4107 nam
564 4061 682 4121 post
702 4056 1001 4106 relationem
1017 4057 1243 4122 Augusti
1259 4059 1314 4108 in
1334 4056 1484 4109 Ludo

423 4133 642 4183 Seneca
663 4130 731 4180 de
752 4139 921 4183 morte
942 4132 1150 4184 Claudii
1172 4134 1380 4198 legitur.

491 4206 580 4256 Ita
592 4206 883 4257 Tuberonis
899 4208 1157 4271 scriptum
1177 4207 1360 4259 Ateius
1389 4209 1487 4260 Ca-

417 4283 541 4355 'pito
577 4282 808 4350 accepit,
846 4282 983 4355 quod
1003 4283 1214 4335 nullum
1239 4285 1350 4339 ’δα
1382 4300 1486 4339 non

1544 794 1687 847 facta
1721 794 2057 860 discessione,
2091 795 2206 847 fieri
2229 800 2435 861 posset:
2469 796 2608 862 apud

1544 872 1774 923 Gellium
1811 872 1848 921 l.
1885 885 2040 923 xiva
2097 879 2153 922 et
2197 875 2491 938 exemplum
2516 877 2612 928 est

1545 947 1688 1011 apnd
1710 948 2066 1010 Caecilianum,
2086 950 2122 999 l.
2146 961 2226 998 ιι.
2248 963 2332 1012 ep.
2351 953 2430 998 13.

1615 1023 1685 1073 Et
1724 1037 1899 1086 snpra,
1941 1039 2060 1072 cum
2105 1025 2323 1073 relatum
2364 1029 2503 1073 esset
2539 1023 2607 1075 ad

1547 1098 1741 1148 Patres
1760 1099 1820 1147 de
1845 1112 1984 1161 poena
2004 1097 2308 1158 foeminarum
2322 1112 2428 1162 «μω
2446 1098 2613 1162 mois,

1544 1177 1630 1238 ξε.
1650 1174 1685 1226 1.
1707 1186 1811 1232 ιιι.
1833 1176 1847 1200 ‘
1875 1174 2035 1225 Facto
2054 1174 2155 1224 SC.
2188 1175 2481 1226 Pallantem
2498 1174 2609 1239 ejus

1546 1248 1811 1299 relationis
1856 1256 2178 1313 repertorem
2217 1250 2454 1306 ediderat
2495 1251 2612 1300 Ca·

1545 1324 1667 1387 sar,’
1695 1323 1748 1374 id
1785 1331 1899 1390 ests
1923 1332 2184 1378 auctorem
2220 1327 2331 1390 ejus
2359 1325 2611 1375 delibera·

1547 1398 1705 1449 tionis
1728 1397 2101 1462 casentmtiae,
2130 1413 2246 1466 qnae
2267 1400 2475 1452 tandem
2500 1400 2611 1464 pla-

1523 1497 1526 1502 ·
1548 1475 1654 1524 cito
1675 1483 1882 1526 senatus
1924 1475 2142 1539 probata
2161 1475 2468 1542 firmataque
2490 1475 2610 1527 fuit.

1548 1550 1798 1602 Similiter
1819 1551 1854 1602 l.
1877 1565 1998 1603 xiv.
2033 1557 2049 1581 ‘
2068 1554 2119 1604 N
2123 1567 2191 1602 on
2213 1552 2333 1602 ideo
2357 1558 2447 1601 aut
2467 1552 2612 1606 coss.

1550 1632 1820 1686 mutavere
1873 1627 2200 1689 relationem,
2255 1638 2346 1678 ant
2387 1627 2613 1678 Thrasea

1551 1701 1775 1752 decessit
1795 1702 2092 1752 sententia.’

1616 1777 1840 1827 Constat
1876 1777 2052 1841 igitur,
2090 1789 2206 1842 quie
2235 1778 2304 1827 sit
2339 1780 2525 1841 relatio,
2558 1783 2616 1829 et

1552 1852 1674 1903 inde
1725 1860 1965 1904 constare
2010 1858 2187 1918 potest
2228 1853 2315 1915 jas
2351 1841 2614 1917 relationis,

1552 1930 1663 1978 sive
1684 1930 1974 1993 sententiae,
2015 1928 2155 1996 qnod
2184 1934 2389 1978 senator
2416 1927 2615 1990 habuit,

1555 2010 1611 2054 et
1632 2005 1704 2054 ita
1720 2004 1921 2066 habuit,
1943 2012 2003 2054 nt
2028 2005 2083 2053 in
2101 2010 2365 2068 potestate
2389 1997 2617 2068 principi

1549 2078 1882 2143 conferenda,
1903 2080 2112 2130 solenne
2134 2078 2294 2128 fuerit
2319 2078 2403 2139 jus
2423 2078 2619 2142 relatio:

1503 2158 1624 2207 *πίε
1646 2156 1894 2220 tribuere,
1926 2172 2028 2223 qno
2049 2157 2268 2218 scilicet,
2309 2161 2368 2205 nt
2387 2161 2618 2220 senator,

1548 2240 1805 2286 nteretnr.
1847 2234 2141 2283 Veni-anias.

1551 2311 1557 2314 ’
1618 2309 2027 2373 Relationemqioe]
2060 2309 2183 2357 Non
2199 2306 2382 2357 habuit
2405 2306 2616 2370 proprie

1558 2392 1766 2435 senator
1782 2386 1869 2447 jus
1896 2383 2154 2446 relationis,
2196 2396 2291 2432 nec
2314 2380 2451 2431 forte
2474 2382 2617 2448 prin·

1557 2477 1681 2527 ceps
1703 2462 1833 2528 ipse,
1853 2462 1951 2511 nisi
1970 2476 2087 2511 cum
2111 2461 2291 2510 consul
2316 2466 2472 2510 esset.
2525 2458 2616 2511 Se-

1557 2545 1710 2589 nator
1765 2538 1946 2588 habnit
1978 2538 2069 2601 jus
2111 2536 2436 2602 proponendi
2476 2536 2617 2605 apud

1559 2619 1756 2679 patres,
1789 2615 1947 2665 etiam
1969 2628 2086 2663 cnm
2106 2613 2173 2669 de
2197 2613 2298 2662 alia
2320 2628 2377 2662 re
2400 2613 2620 2663 interro-

1559 2696 1790 2754 garetur,
1814 2689 2058 2755 quicquid
2081 2704 2112 2739 e
2144 2688 2349 2752 Repub.
2367 2702 2480 2738 esse
2501 2701 2619 2743 cen-

1556 2774 1713 2828 seret,
1758 2773 1815 2816 et
1848 2765 2154 2817 relationem
2191 2764 2245 2812 in
2289 2777 2399 2812 eam
2445 2778 2552 2813 rem
2589 2777 2622 2812 a

1558 2841 1851 2893 consulibus
1889 2841 2187 2905 postulare:
2238 2839 2376 2904 quod
2410 2839 2494 2889 bic
2531 2853 2622 2889 ex·

1556 2919 1749 2984 pressit
1789 2917 2038 2979 Tacitus:
2093 2917 2109 2944 ‘
2134 2916 2317 2966 Licere
2366 2915 2623 2980 patribus,

1558 2996 1794 3062 quotiens
1805 2995 1893 3059 jus
1921 2990 2153 3043 dicendae
2178 2992 2449 3041 sententiae
2474 3006 2626 3042 acce·

1558 3073 1773 3136 pissent,
1792 3086 1908 3136 quas
1930 3070 2126 3119 vellent
2147 3083 2473 3132 expromere,
2495 3069 2626 3118 rela-

1558 3150 1855 3214 tionemque
1891 3148 1946 3197 in
1983 3161 2048 3196 ea
2085 3148 2348 3210 postulare
2368 3136 2405 3207 ;''
2436 3154 2624 3209 nempe

1558 3238 1589 3273 a
1612 3222 1921 3286 consulibus,
1943 3221 1997 3270 id
2027 3224 2117 3286 qui
2157 3237 2298 3285 saepe
2322 3222 2626 3271 abnuebant

1537 3299 1781 3364 ‘pessimo
1819 3296 2079 3360 exemplo.
2143 3297 2248 3346 Sed
2285 3297 2339 3345 id
2377 3304 2625 3360 corrupta

1560 3374 1765 3438 Repub.
1824 3387 1925 3437 qna
1980 3373 2102 3423 nihil
2154 3373 2265 3438 jun
2318 3373 2427 3421 sere
2478 3373 2626 3438 prisci

1558 3466 1719 3502 mons.

1628 3527 1733 3589 Hic
1755 3527 1917 3577 multa
1940 3526 2085 3576 addit
2101 3526 2406 3576 Vertranins
2423 3520 2623 3598 dejure

1563 3602 1736 3652 tertiae
1761 3609 1818 3651 et
1859 3602 2053 3667 quintae
2094 3602 2360 3657 relationis
2399 3601 2451 3650 in
2490 3602 2630 3667 prin-

1565 3678 1706 3744 cipe,
1728 3693 1843 3743 quoe
1867 3678 2175 3728 dnbia'snnt
2211 3684 2267 3728 et
2303 3680 2535 3728 incerta:
2571 3685 2629 3728 et

1554 3751 1700 3802 'forte
1721 3753 1945 3803 maxime
1982 3759 2140 3816 errat,
2176 3767 2294 3802 cnm
2317 3753 2448 3803 dicit
2485 3753 2538 3802 in
2561 3768 2627 3805 eo

1563 3829 1848 3880 consistere
1865 3829 1992 3878 illud
2004 3829 2094 3897 jus
2116 3829 2284 3879 tertiae
2308 3840 2399 3879 sen
2431 3830 2627 3895 quintas

1562 3905 1849 3969 relationis,
1877 3913 1935 3955 nt
1958 3906 2218 3955 sententia
2243 3905 2494 3970 principis
2537 3906 2629 3954 tri·

1563 3981 1660 4030 bns
1683 3986 1774 4030 aut
1796 3981 2024 4051 quinque
2047 3990 2341 4031 senatorum
2364 3980 2628 4030 relationi·

1562 4057 1657 4106 bns
1678 4057 2067 4106 sen‘sententiis
2098 4056 2474 4122 aeqnipolleret.

1577 4144 1585 4149 ·
1627 4133 1849 4182 Fallitur
1886 4147 2005 4182 cum
2047 4132 2331 4186 sententiam
2363 4137 2417 4180 et
2437 4128 2630 4191 relatio-

1556 4213 1672 4259 “nem
1706 4206 2002 4270 confundit,
2042 4221 2158 4271 quae
2179 4208 2401 4256 maxime
2425 4206 2630 4257 diversa

1539 4288 1706 4336 -sunt.
1748 4282 1988 4338 'Habuit-
2006 4287 2151 4334 certe
2172 4286 2379 4334 senator
2401 4282 2491 4353 jus
2514 4290 2630 4351 pro-
