3100 4925
361 438 426 490 J.
445 439 508 489 c.
529 433 638 500 Aa]
2408 415 2583 484 1149

369 575 773 646 custoditum
795 593 1088 642 amorem
1109 575 1197 639 ad
1225 574 1568 642 infamiam
1596 575 1842 639 traxit:
1885 578 1955 640 et
1982 575 2328 659 praebebat
2348 572 2585 641 Caesar

368 697 585 757 auree,
612 676 1023 761 accipiendis
1054 676 1411 742 adversum.
1432 695 1740 759 generum
1772 677 2276 768 suspicionibus
2305 678 2580 741 caritate

1075 429 1487 480 ANNAMUM
1538 431 1682 479 1213.
1733 432 1876 480 ΧΠ.

365 850 564 901 minium
580 850 820 910 vertebat:
841 855 890 901 et
903 850 1125 915 princeps
1143 851 1263 900 huic
1286 866 1425 901 aures
1444 850 1838 914 accommodabat,
1860 864 2017 901 umore
2031 852 2152 916 filioe
2163 851 2363 932 pronior
2383 850 2582 900 audien-

1370 978 1582 1030 NOTAE

365 1092 676 1156 abnepotem
700 1094 761 1141 L.
787 1090 1032 1142 Silanum.
1081 1089 1306 1151 Videris,
1339 1091 1433 1142 Ju-

366 1168 526 1231 piter,
547 1168 681 1216 auin
704 1182 861 1217 causa
875 1167 1041 1216 mala?
1075 1173 1221 1215 certe
1242 1167 1292 1215 in
1312 1166 1433 1216 tua!

366 1241 504 1294 Vide
527 1258 643 1309 quae
667 1243 738 1293 ibi
762 1242 958 1292 notavi.
1008 1242 1314 1292 Gronovius.

429 1319 599 1369 Recte
623 1317 823 1378 fratris.
887 1318 1091 1368 Silanus
1135 1320 1276 1369 enim
1321 1324 1432 1369 tan-

366 1400 479 1446 tum
519 1395 604 1445 bic
648 1395 860 1459 proprie
904 1394 1234 1458 arguebatur.
1323 1395 1430 1445 Hic

364 1486 497 1522 unus
526 1472 857 1537 quaerebatur
895 1471 949 1520 in
987 1472 1207 1523 exitium
1239 1478 1294 1521 et
1332 1472 1431 1522 cri-

365 1561 505 1610 men,
537 1553 597 1596 nt
633 1547 959 1597 matrimonio
983 1546 1221 1597 Octaviae
1256 1548 1433 1597 detur-

365 1622 598 1687 baretur,
620 1629 677 1673 et
692 1623 1004 1678 eveheretur
1023 1623 1132 1687 ejus
1154 1623 1271 1673 loco
1284 1622 1430 1673 Nero

365 1698 435 1748 ad
466 1699 557 1748 has
579 1698 805 1763 nuptias,
824 1712 915 1762 spe
938 1698 1278 1761 principatus.
1338 1699 1431 1748 Ju-

363 1773 452 1825 nia
472 1789 574 1824 non
597 1774 945 1838 premebatur,
965 1774 1064 1821 nisi
1084 1772 1358 1822 indirecte.

388 1859 393 1864 '
431 1851 546 1901 Non
582 1849 833 1911 incestum]
888 1848 1007 1899 Non
1050 1854 1195 1897 certe
1229 1849 1434 1897 incestus

360 1925 452 1976 ille
477 1940 636 1987 amor,
658 1924 750 1974 sed
766 1925 1075 1975 incustoditus
1096 1929 1435 1988 tantum,non

363 2001 563 2051 crimen
597 2015 782 2050 revera
803 1999 921 2050 fuit.
985 2001 1090 2051 Sed
1115 2001 1351 2050 Vitellius
1371 2002 1434 2049 ad

361 2075 615 2136 Manciam
651 2075 908 2140 trahebat,
944 2082 1002 2126 et
1023 2090 1203 2126 verum
1238 2077 1432 2127 crimen

361 2150 831 2216 interpretabatur.

427 2228 501 2278 Et
534 2235 702 2288 certe,
738 2227 885 2292 quasi
919 2233 1186 2291 comperto
1218 2231 1434 2293 scelere,

356 2302 541 2354 ,statim
555 2310 792 2352 movetur
810 2310 993 2353 senatu
1013 2304 1238 2370 Silanus»,
1251 2305 1428 2355 statim

360 2386 646 2444 praeturam
691 2380 892 2443 ejurare
937 2380 1163 2444 cogitur.
1239 2382 1428 2432 Statim

360 2456 635 2508 damnatur
657 2472 687 2505 a
710 2461 913 2520 senatu,
953 2464 1094 2508 anta
1115 2457 1354 2523 principe
1376 2459 1431 2509 in

364 2533 621 2596 cubiculo,
642 2537 886 2596 tanquam
916 2540 1063 2584 certo
1085 2540 1142 2589 et
1164 2530 1433 2600 comperto

363 2622 596 2659 crimme.

425 2685 563 2736 Nam
584 2690 703 2734 mox
723 2700 779 2734 se
800 2684 1028 2746 occidit3
1063 2685 1236 2735 statim
1252 2693 1307 2735 et
1320 2687 1437 2751 ipsa

363 2758 578 2810 Calvina
599 2759 809 2822 ejicitur
841 2760 897 2808 in
927 2759 1157 2824 exilium,
1190 2766 1435 2825 tanquam

360 2833 472 2884 veri
495 2833 687 2884 incesti
710 2849 818 2884 rea.

424 2910 746 2962 Quaemntur
769 2912 931 2961 etiam
953 2926 1102 2962 sacra
1134 2918 1191 2962 et
1229 2913 1435 2978 piacula

360 2986 692 3050 procurando
730 2988 927 3037 incesto
965 3003 1032 3038 ex
1050 2989 1220 3039 veteri
1251 2991 1356 3039 ritu
1380 2997 1436 3040 et

361 3059 681 3112 Pontificum
697 3063 874 3125 libris;
900 3064 1075 3128 itaque
1092 3064 1183 3114 illo
1200 3066 1436 3131 crimine,

362 3144 612 3202 tanquam
658 3144 823 3200 certo,
880 3145 1105 3204 pereunt
1164 3138 1330 3190 frater
1379 3147 1435 3192 et

361 3228 529 3264 soror.

425 3289 532 3340 Sed
587 3290 672 3340 hic
720 3288 923 3339 deridet
952 3290 1161 3341 Tacitus
1203 3307 1435 3342 censorem

360 3363 650 3427 Vitellium,
689 3365 778 3429 qui
808 3365 1092 3415 delatorem
1114 3373 1312 3431 ageret,
1333 3383 1434 3418 non

361 3439 476 3489 sine
512 3455 708 3489 summo
748 3441 981 3501 sceler-03
1015 3448 1071 3491 et
1107 3443 1434 3492 innocentem

361 3517 673 3580 pronuntiat
696 3517 755 3567 L.
779 3518 1024 3581 Silanum,
1063 3534 1180 3568 cum
1216 3519 1345 3569 dicit
1377 3520 1438 3568 il-

359 3593 470 3651 lum
512 3607 742 3642 amorem
785 3592 1023 3654 fratrum,
1059 3609 1152 3643 non
1189 3596 1437 3657 incestum,

363 3670 446 3717 sed
467 3668 820 3731 incustoditum,
837 3669 904 3718 ad
927 3668 1189 3719 infamiam
1211 3677 1438 3720 tractum

366 3761 477 3796 esse
503 3761 535 3795 a
558 3749 785 3810 pessimo
808 3747 893 3797 illo
918 3755 1240 3799 accusatore.

427 3825 543 3873 Non
563 3823 816 3886 incestum]
851 3824 1002 3875 Quod
1035 3826 1109 3874 ita
1128 3826 1436 3889 capiendum

360 3907 510 3966 puto,
532 3907 593 3949 ut
616 3914 718 3948 non
743 3904 909 3949 staret
950 3914 1044 3963 per
1061 3896 1330 3950 Vitellium
1355 3916 1436 3950 ac-

364 3984 683 4038 cusatorem,
723 3978 849 4041 quin
886 3977 1255 4026 incustoditum
1294 3977 1435 4024 illum

365 4067 593 4102 amorem
616 4053 683 4101 ad
713 4053 970 4102 incestum
994 4051 1248 4113 traheret,
1285 4059 1341 4101 et
1363 4052 1437 4100 in·

360 4128 577 4179 famiam
600 4130 872 4193 majorem,
911 4144 1063 4193 quam
1098 4143 1279 4177 revera
1300 4126 1436 4177 fuit:

364 4214 420 4258 et
456 4208 556 4259 ille.
589 4214 736 4257 certe
774 4207 1054 4256 amicitiam
1093 4204 1291 4269 fratris,
1333 4219 1438 4254 non

363 4286 644 4350 incautum,
676 4299 780 4335 non
817 4283 1188 4336 incustoditum
1212 4297 1439 4335 amorem

1513 1090 1833 1156 appellabat,
1853 1092 1943 1142 sed
1963 1093 2239 1154 incestum,
2269 1097 2326 1141 et
2349 1090 2415 1140 ad
2449 1088 2580 1140 infa-

1511 1168 1666 1217 miam
1703 1174 1899 1218 certam
1939 1169 2201 1228 trahebat,
2242 1167 2395 1231 idque
2435 1167 2583 1229 satis,

1514 1249 1575 1294 ut
1605 1251 1787 1293 senatu
1818 1251 2053 1294 moveret
2088 1245 2251 1304 illum,
2285 1243 2583 1307 nuptiisque

1513 1319 1832 1385 depelleret.'

1579 1394 1952 1459 Incustoditum]
1982 1395 2184 1446 Seneca
2201 1395 2348 1456 dicit,
2363 1407 2584 1445 vocasse

1509 1473 1717 1523 Jnniam
1765 1469 2024 1532 sororem„
2050 1487 2153 1522 non
2200 1470 2444 1533 Veneram,
2487 1470 2584 1520 sed

1511 1550 1769 1599 Jumnem:
1813 1563 1913 1613 quo
1956 1546 2095 1597 forte
2140 1562 2242 1597 non
2285 1560 2448 1608 amor,
2490 1552 2586 1596 aut

1510 1623 1704 1688 cupido
1736 1625 1936 1673 incesta
1968 1623 2445 1683 demonstrabatur;
2479 1621 2572 1672 sed

1513 1700 1633 1763 quia
1655 1705 1800 1749 casta
1829 1713 1962 1748 uxor
1983 1701 2136 1760 Jmm,
2158 1704 2215 1748 et
2244 1700 2401 1749 Venas
2418 1697 2583 1762 impu-

1512 1773 1648 1835 dica,
1670 1773 1745 1823 sic
1761 1787 1950 1823 vocare
1976 1775 2175 1825 maluit.

1575 1850 1675 1898 Vel
1698 1851 1818 1913 quia
1839 1849 1971 1899 forte
2004 1850 2103 1899 sibi
2138 1865 2231 1914 spe
2250 1850 2469 1915 quadam
2494 1849 2585 1900 de-

1511 1924 1803 1987 spondebat
1836 1925 2109 1988 imperlum
2148 1940 2215 1974 ex
2257 1925 2584 1976 matrimonio

1514 2000 1777 2062 Octaviae,
1808 2000 2098 2064 Jovemque
2123 2015 2177 2049 se
2201 1993 2518 2051 destinabat.
2569 2007 2578 2021 ³

1580 2077 1927 2126 Incustoditum
1965 2076 2194 2139 amorem]
2245 2078 2378 2127 Sunt
2418 2077 2586 2128 foemi-

1512 2165 1595 2201 nae
1616 2167 1735 2217 quae
1760 2152 2154 2215 procacitatem,
2190 2153 2472 2215 lasciviam,
2495 2152 2587 2203 de·

1510 2228 1660 2277 licias
1707 2233 1762 2276 et
1806 2228 2055 2292 majorem
2118 2227 2339 2281 honesto
2384 2228 2584 2278 cultum

1509 2317 1622 2368 prae
1647 2320 1702 2354 se
1726 2304 1921 2368 ferunt,
1957 2321 2072 2369 quae
2099 2313 2272 2356 tamen
2305 2322 2335 2355 a
2368 2306 2585 2358 crimine

1511 2386 1570 2430 et
1612 2378 1814 2444 flagitio
1857 2384 2042 2446 procul
2087 2382 2295 2433 absunt.
2362 2383 2590 2436 Quintil.

1511 2456 1528 2485 ‘
1550 2455 1606 2506 Si
1633 2463 1717 2506 est
1737 2456 1936 2522 signum
1972 2458 2241 2522 adulterae,
2278 2458 2443 2507 lavari
2467 2474 2583 2509 cum

1512 2532 1657 2597 viris,
1694 2533 1797 2583 erit
1837 2540 1893 2583 et
1923 2534 2200 2584 convivere
2240 2546 2358 2583 cnm
2388 2532 2589 2585 adoles·

1513 2611 1771 2673 centibus,
1784 2614 1883 2661 διο.
1899 2611 1990 2662 illa
2002 2625 2070 2660 ex
2086 2610 2412 2676 impudicitia
2423 2608 2584 2661 fluere

1512 2685 1851 2735 viderentur!
1913 2695 1934 2718 ⁸

1583 2763 1715 2812 Haec
1750 2764 1991 2827 impudica
2012 2764 2273 2826 videntur,
2312 2779 2430 2814 cum
2472 2769 2585 2816 tan·

1515 2849 1628 2889 tum
1673 2838 1777 2887 sint
1817 2840 2126 2891 incustodita.-
2172 2840 2227 2889 id
2271 2842 2405 2890 enim
2461 2830 2586 2893 orii-i

1516 2921 1694 2980 potest
1726 2931 1789 2964 ex
1828 2917 1977 2981 genio
2002 2924 2194 2980 praeter
2215 2917 2422 2966 modum
2445 2919 2590 2982 laeto,

1516 2997 1575 3042 et
1594 2992 1861 3041 munditiis
1886 2993 2161 3057 gaudente,
2176 2998 2234 3042 et
2259 2998 2460 3042 tantum
2478 3009 2587 3044 sus·

1516 3075 1729 3131 pectato
1753 3076 1968 3133 propter
2001 3070 2333 3119 amoeniorem
2372 3071 2585 3135 cultum,

1517 3159 1633 3194 cum
1657 3158 1801 3193 mens
1827 3151 1998 3194 tamen
2018 3146 2085 3194 sit
2106 3144 2334 3194 innoxia.
2401 3147 2473 3194 Et
2486 3146 2585 3195 hoc

1514 3222 1631 3270 loco
1655 3221 1731 3287 sic
1756 3219 1889 3272 fuit:
1924 3222 2055 3271 hanc
2081 3224 2219 3271 enim
2261 3235 2488 3270 sororem
2508 3222 2588 3272 Si·

1515 3296 1619 3345 lani
1643 3303 1796 3346 vocat
1833 3297 2030 3346 Seneca
2057 3296 2419 3356 festivissimum
2450 3299 2585 3360 puel-

1478 3414 1483 3423 .
1515 3374 1698 3429 tamnu
1732 3380 1887 3423 vocat
1924 3374 2175 3437 Jnmmm,
2215 3387 2317 3421 non
2360 3373 2586 3422 Venerem

1516 3447 1700 3496 frater.

1583 3523 1764 3572 Habes
1804 3522 2069 3587 egregium
2111 3525 2406 3587 exemplum
2444 3521 2584 3586 apud

1516 3600 1720 3649 Livium
1736 3599 1990 3663 Vestalis,
2016 3600 2089 3648 sic
2112 3599 2336 3659 festivae,
2360 3613 2473 3662 quoe
2496 3597 2586 3647 de·

1516 3678 1764 3727 centioris
1788 3678 1957 3727 cultus
1991 3683 2255 3739 accusata,
2288 3684 2461 3726 tamen
2498 3674 2588 3748 ab7

1516 3755 1686 3802 soluta
1704 3759 1804 3802 est.
2257 3773 2260 3777 ·
2575 3756 2580 3766 '

1583 3829 1713 3877 Luc.
1737 3842 1813 3876 xv.
1836 3831 1919 3876 44.
1960 3828 1975 3856 ‘
2000 3827 2199 3876 Eodem
2233 3841 2367 3875 anno
2401 3826 2588 3875 Postu&

1518 3903 1621 3952 mia
1639 3903 1790 3967 virgo
1817 3903 2044 3952 Vestalis
2066 3902 2130 3951 de
2155 3903 2357 3952 incestu
2381 3916 2587 3951 causam

1518 3980 1669 4041 dixit,
1712 3980 1928 4030 crimine
1970 3980 2194 4039 innoxia,
2232 3980 2298 4029 ob
2339 3977 2589 4041 suspicio‘·

1519 4071 1637 4105 nem
1660 4064 1881 4121 propter
1901 4055 2099 4106 cultum
2128 4051 2476 4117 amoenior'em,
2509 4053 2588 4103 ina

1520 4134 1831 4197 geniumque
1886 4132 2116 4191 liberius,
2166 4145 2319 4195 quam
2354 4130 2588 4192 ‘virgines

1519 4207 1697 4270 decet,
1727 4222 1911 4271 parum
1935 4206 2217 4256 abhorrens
2238 4204 2463 4266 famam‚'
2487 4207 2588 4253 διο.

1582 4285 1742 4334 Teste
1771 4284 1994 4348 Seneca,
2025 4282 2229 4335 Silanus
2248 4283 2264 4312 ⁶
2280 4280 2472 4332 Maluit
2492 4279 2587 4332 Jat
