3100 4925
454 358 631 444 1416

1165 373 1232 421 (3.
1278 370 1475 422 com-1
1484 369 1642 420 Emi
1687 368 1942 420 TAGH'I

2336 375 2428 443 [A.
2446 377 2515 429 u.
2535 379 2657 430 sss,

527 516 605 600 ι8.
651 514 781 578 Sed
813 513 991 597 apud
1033 513 1352 578 Senatum
1379 514 1604 577 omnia
1630 514 1697 576 in
1723 512 1938 595 majus
1966 516 2294 581 celebrata
2322 523 2481 582 sunt
2500 535 2655 581 senne

455 617 672 681 tentiis
723 627 975 696 eorum,
1023 614 1139 697 qui
1188 619 1207 647 ‘
1227 615 1802 698 supplicationes,x
1845 621 1909 679 et
1960 616 2194 680 diebus
2221 618 2661 701 supplicatio-z

454 735 616 780 num
673 723 949 779 vestemy
1014 716 1306 798 Principi
1367 715 1872 797 triumphalem,²⁵
1922 722 2126 801 utque
2174 739 2385 783 ovans
2429 720 2663 782 urben

452 817 694 895 iniret,a
722 815 1101 901 effigiesque
1144 816 1340 901 ejuS,¹’
1381 817 1527 900 pari
1571 819 2010 897 magnitudine
2062 840 2142 884 ac
2188 820 2435 884 Martis
2465 818 2659 885 Ulto-

521 979 619 1028 Sed
638 983 764 1044 apud
789 982 960 1029 Patres
978 987 1143 1030 cuneta
1166 983 1216 1029 in
1238 981 1389 1041 mqy'us
1408 979 1622 1028 laudibus
1647 986 1805 1030 evecta
1836 988 1946 1030 sant
1982 983 2166 1032 illorum
2188 983 2453 1044 sententiis,
2472 982 2552 1045 qui
2574 967 2663 1031 dess

453 1059 638 1093 crevere
681 1046 1104 1108 supplicationeS‚
1139 1053 1194 1095 et
1238 1047 1418 1093 diebus
1462 1045 1894 1107 supplicationum
1930 1048 2125 1096 cultum
2166 1048 2521 1110 triumphalem
2547 1045 2656 1094 Ne-

458 1110 601 1169 roni;
626 1116 786 1173 utque
818 1124 976 1158 ovans
997 1110 1260 1158 civitatem
1282 1109 1523 1170 intraret,
1544 1114 1600 1157 et
1622 1109 1872 1172 imagines
1893 1111 2009 1173 ejus
2027 1112 2211 1176 aequali
2234 1112 2570 1175 proceritate,
2590 1121 2663 1158 av

1445 1226 1664 1280 No'r'AE

456 1318 563 1369 Sed
580 1318 720 1381 apud
743 1334 859 1368 eum
883 1321 1082 1379 Σοαῒμως
1110 1320 1321 1383 dicitur,
1344 1327 1398 1370 et
1419 1318 1520 1368 for-

391 1428 400 1433 »
459 1402 596 1445 tasse
618 1395 693 1442 ita
715 1396 1066 1444 scribendum.
1102 1396 1311 1458 Lipsius.

524 1470 804 1534 Sophenem]
822 1471 1080 1533 Sophene,
1103 1471 1239 1533 regio
1261 1469 1518 1520 Armeniae

459 1550 694 1614 majoris,
736 1550 878 1599 circa
919 1550 1235 1612 Euphratem
1288 1546 1518 1599 fiuvium.

460 1627 541 1676 Ex
564 1625 786 1675 Ptolem.
810 1640 864 1675 v·
891 1629 969 1674 13.
1007 1625 1321 1674 vacunam.

525 1708 549 1733 ¹¹
584 1702 883 1763 Exortusque
895 1700 947 1748 in
962 1699 1192 1763 tempore]
1220 1700 1279 1748 ln
1300 1704 1522 1764 ternpore,

458 1774 514 1825 id
532 1782 631 1841 est,
649 1776 977 1839 tempestive,
1001 1791 1090 1825 seu
1116 1782 1525 1840 peropportune,

457 1864 646 1915 nempe
685 1851 973 1912 Romanis3
1029 1853 1103 1901 sic
1155 1852 1294 1901 enim
1337 1852 1522 1902 Parthi

460 1925 756 1976 Armeniam
781 1933 837 1975 et
872 1926 1064 1976 bellum
1098 1923 1311 1975 differre
1353 1927 1522 1976 coacti

462 2010 603 2067 sunt,
638 2018 695 2051 re
734 2003 946 2065 majoris
987 2003 1230 2065 ponderis
1276 2001 1524 2063 distenti;

461 2094 581 2129 nam
615 2078 682 2128 de
703 2094 899 2127 summa
920 2093 1092 2126 rerum
1114 2076 1365 2141 agebatur
1384 2077 1525 2127 iuter

463 2161 668 2219 patrem
690 2160 746 2203 et
765 2153 942 2202 filium.
985 2213 990 2218 ,

527 2236 551 2262 v
583 2225 825 2292 AEmulus]
904 2226 1120 2292 Imperii
1165 2242 1351 2292 nempe
1400 2227 1527 2278 Par-

464 2304 609 2356 thici-

527 2388 562 2413 '¹
596 2368 753 2431 Filius
782 2379 1045 2443 Vardanes]
1077 2378 1254 2429 Vertit
1270 2379 1524 2443 interpres

468 2454 732 2521 Hispanus
751 2474 764 2506 z
772 2455 913 2522 filius
926 2453 1168 2505 Bar-danis
1181 2471 1198 2504 .·
1231 2455 1368 2519 quod
1387 2453 1523 2506 forte

463 2549 566 2585 non
582 2535 692 2583 sine
710 2533 911 2582 ratione
936 2533 1024 2593 sit,
1039 2532 1081 2581 si
1097 2533 1225 2581 Mss.
1239 2530 1526 2593 niteretur;

465 2627 584 2662 nam
622 2610 749 2660 alias
779 2609 1016 2669 standum
1036 2608 1201 2657 veteri
1224 2609 1523 2672 exemplari.

548 2693 575 2721 ¹
611 2687 712 2743 Qun·
751 2683 1132 2750 supplicationes]
1198 2684 1524 2748 snpplicatio

464 2764 624 2815 honos
646 2762 763 2826 fuit,
800 2762 890 2827 qui
921 2776 1023 2810 una
1054 2775 1169 2809 cum
1197 2759 1525 2824 imperatoris

465 2841 671 2895 nomiue
692 2837 1071 2900 decernebatur
1090 2836 1275 2885 victori
1293 2851 1308 2896 3
1339 2849 1526 2900 nempe

466 2932 582 2968 cum
618 2922 849 2974 senatus,
870 2906 1044 2963 Deum
1082 2912 1278 2975 templa
1312 2911 1526 2975 aperiri,

466 3005 530 3041 ac
552 2991 750 3055 gratias
772 2989 909 3051 Diis,
939 2987 1267 3053 imperatoris
1300 2986 1526 3050 nomine,

466 3066 551 3132 agi
562 3065 805 3132 jubebat.

527 3142 661 3193 Erat
692 3142 830 3191 enim
868 3141 1043 3205 moris,
1079 3146 1140 3191 ut
1170 3140 1407 3193 consules
1441 3140 1527 3192 vel

466 3224 735 3288 pretores,
773 3223 1044 3284 postquam
1079 3231 1112 3268 a
1151 3214 1400 3268 militibus
1436 3233 1527 3282 ap-

464 3296 649 3362 pellati
681 3295 1023 3358 imperatores
1055 3293 1285 3363 fuerant,
1317 3294 1528 3345 lictores

460 3374 724 3427 laureatos
761 3368 1090 3436 praeferrent‚
1131 3369 1414 3435 literasque
1458 3369 1524 3421 ad

462 3456 698 3501 senatum
730 3446 985 3498 laureatas
1006 3444 1073 3497 de
1096 3460 1154 3496 re
1176 3453 1325 3510 gesta
1352 3447 1526 3497 mitte·

464 3530 618 3589 rent3
662 3524 849 3591 quibus
884 3522 1210 3588 imperatoris
1240 3537 1426 3572 nomen
1462 3537 1524 3572 ac

461 3598 872 3666 supplicationes
912 3615 943 3648 a
970 3606 1154 3649 senatu
1187 3599 1521 3663 postularent.

527 3672 595 3726 In
615 3676 712 3725 hac
730 3675 1118 3740 supplicationis
1151 3687 1357 3738 pompa,
1378 3688 1523 3724 sena-

463 3758 549 3802 tus
582 3750 647 3801 ad
673 3753 867 3814 templa
903 3751 1138 3800 Deorum
1163 3749 1445 3799 solenniter
1466 3764 1522 3799 se

465 3822 787 3897 conferebat,
810 3827 983 3891 ibique
998 3825 1341 3890 sacrificabat,
1361 3833 1417 3876 et
1435 3826 1524 3875 da-

462 3903 559 3955 bat
574 3903 627 3953 in
651 3903 860 3966 templis
881 3903 1119 3966 epulum;
1165 3901 1329 3951 omnis
1363 3916 1521 3968 popu.

460 3978 544 4032 lus
588 3979 774 4044 agebat
820 3977 930 4031 dies
962 3975 1140 4042 festos,
1169 3983 1225 4027 et
1259 3976 1527 4031 referebat

463 4056 582 4117 Diis
601 4060 807 4127 gratias·
840 4059 1029 4109 Primis
1053 4054 1390 4121 temporibus,
1406 4069 1523 4122 sup·

467 4136 683 4206 plicatio
726 4135 940 4187 decreta
971 4134 1027 4184 in
1063 4147 1220 4184 unum
1266 4138 1357 4182 aut
1396 4133 1524 4184 alte-

468 4229 581 4273 rum
605 4208 763 4279 diem,
783 4215 985 4285 ,postea
1005 4221 1167 4276 usque
1190 4205 1254 4259 ad
1279 4205 1524 4276 quinqua-

1602 1320 1747 1384 ginta
1770 1321 1877 1372 dies
1900 1328 2115 1371 extensa
2131 1335 2339 1386 pompa.

1664 1405 1687 1440 5
1710 1398 1890 1446 Diebus
1904 1398 2292 1461 supplicationum
2306 1394 2500 1457 uestem]
2520 1394 2660 1447 Qua·

1603 1475 1791 1523 sivero
1814 1489 1916 1523 non
1939 1488 2144 1537 semper
2168 1473 2358 1522 Caesari
2380 1472 2562 1520 liceret
2581 1472 2661 1521 uti

1600 1557 1744 1599 veste
1781 1550 2112 1612 triumphali!
2159 1549 2252 1597 sed
2285 1549 2361 1596 sic
2416 1546 2661 1596 manebat

1600 1624 1769 1690 aliqua
1807 1624 2007 1686 species
2046 1622 2269 1686 Reipub.
2312 1628 2368 1670 et
2406 1621 2529 1669 olim
2564 1621 2665 1671 hae

1601 1705 1768 1761 veste,
1808 1707 1956 1748 extra
1993 1712 2231 1763 pompam
2279 1697 2544 1761 triumphi,
2582 1696 2667 1746 uti

1602 1774 1793 1823 nemini
1833 1772 1913 1822 fas
1967 1771 2147 1836 fuisse,
2201 1772 2355 1821 docet
2398 1773 2453 1821 in
2492 1771 2665 1824 Mario

1605 1848 1932 1900 Plutarchus.

1669 1926 1752 1974 Sic
1774 1927 1790 1952 ‘
1810 1932 2024 1989 peracto
2047 1924 2327 1988 triumpho,
2356 1924 2567 1974 induxit
2586 1938 2668 1973 se-

1604 2006 1782 2050 natum
1827 2002 2023 2049 Marius
2064 2001 2116 2049 in
2153 1999 2667 2063 Capitolium,atque

1584 2077 1875 2135 mineatum,
1896 2092 2015 2125 num
2038 2075 2266 2139 prudens
2284 2075 2356 2137 id,
2375 2089 2442 2123 an
2455 2072 2668 2124 fortuna

1604 2166 1697 2202 sua
1713 2154 1882 2208 elatus
1906 2151 2106 2215 fecerit,
2135 2152 2435 2201 insolentius
2471 2151 2673 2215 ingres-

1605 2243 1690 2278 sus
1711 2231 1904 2279 curiam
1927 2235 2008 2278 est
2032 2235 2178 2278 veste
2202 2226 2515 2290 triumphali.
2564 2226 2672 2276 Ve-

1606 2320 1719 2356 rum
1750 2307 1855 2357 cito
1878 2304 2129 2355 offensum
2154 2301 2567 2353 animadvertens
2588 2315 2670 2350 se·

1606 2389 1802 2446 natum,
1823 2383 2069 2443 surrexit,
2079 2385 2347 2444 sumtaque
2361 2377 2518 2428 rediit
2535 2391 2668 2442 proe-

1605 2457 1785 2510 texta’
2612 2488 2615 2491 Δ
2664 2506 2671 2511 ,

1666 2541 1687 2566 ²
1725 2533 1912 2583 Vestem
1928 2531 2148 2594 Principi
2161 2528 2510 2594 triumphumn]
2526 2528 2673 2587 Haecf

1602 2608 1702 2660 fuit
1725 2623 1975 2674 purpura,
1991 2622 2114 2659 auro
2136 2607 2342 2667 intexto
2362 2606 2521 2668 pieta.
2576 2604 2671 2663 De,

1606 2676 1933 2750 purpura'sic
1959 2684 2095 2734 Plin.
2118 2696 2203 2733 rx.
2227 2686 2307 2732 36.
2341 2682 2357 2710 ‘
2372 2681 2489 2732 Diis
2510 2680 2673 2731 advo·

1607 2768 1757 2812 catur
1794 2761 2081 2826 placandis,
2126 2771 2434 2822 omnemque
2466 2761 2673 2817 vestem

1606 2838 1880 2903 illuminat,
1902 2841 1954 2889 in
1978 2838 2281 2903 triumphali
2303 2838 2547 2889 miscetur
2576 2850 2671 2885 au-

1608 2931 1683 2967 ro.
1770 2916 2105 2981 Quapropter
2127 2920 2377 2967 excusata
2397 2919 2454 2962 et
2475 2925 2667 2976 purpu-

1605 3006 1677 3042 rae
1697 2992 1764 3042 sit
1778 2990 2013 3042 insania!
2666 3038 2670 3043 ,

1670 3075 1694 3101 ⁸
1732 3069 1887 3133 thue
1908 3082 2050 3121 ovans
2067 3067 2231 3116 urbem
2253 3063 2427 3127 iniret]
2465 3063 2569 3123 Qui
2588 3063 2669 3114 sic

1605 3143 1975 3209 triumphabat,
2039 3143 2200 3207 pedes
2261 3139 2673 3206 ingrediebatur,

1605 3227 1792 3284 myrto,
1807 3234 1909 3269 non
1922 3219 2068 3269 lauro
2087 3224 2380 3269 coronatus.
2412 3217 2551 3279 Plin,
2576 3228 2681 3278 xv,-

1605 3298 1688 3345 29.
1720 3295 1735 3323 ‘
1757 3295 1968 3346 Bellicis
2015 3308 2218 3360 quoque
2251 3307 2308 3343 se
2340 3292 2498 3343 rebus
2533 3291 2673 3352 inse·

1604 3370 1740 3432 ruit;
1761 3370 2182 3436 triumphansque
2203 3368 2270 3419 de
2286 3368 2492 3431 Sabinis
2512 3367 2681 3431 Post-5

1603 3444 1803 3497 humius
1839 3445 2106 3497 Tubertus
2140 3446 2195 3495 in
2227 3446 2519 3510 consulatu,
2553 3443 2670 3509 (qni

1604 3524 1800 3587 primus
1841 3523 2067 3581 omnium
2105 3538 2265 3574 ovans
2297 3524 2561 3587 ingressus
2586 3534 2675 3570 ur-

1603 3602 1724 3655 bem
1761 3608 1862 3665 est,
1898 3601 2137 3667 quoniam
2182 3616 2291 3650 rem
2334 3600 2524 3653 leviter
2556 3598 2683 3657 stne

1604 3692 1788 3728 cruore
1819 3675 2095 3743 gesserat,)
2116 3680 2288 3742 myrto
2321 3674 2541 3729 veneris
2563 3673 2673 3725 vic-

1603 3754 1751 3805 tricis
1785 3759 2058 3805 coronatus
2093 3753 2329 3816 incessit,
2366 3751 2685 3818 optabilemu,

1603 3844 1706 3898 que
1759 3833 1996 3884 arborem
2034 3832 2195 3882 etiam
2241 3829 2476 3880 hostibus
2510 3825 2680 3887 fecit.i

1605 3908 1736 3960 Haec
1783 3915 1968 3973 postea
2008 3908 2270 3958 ovantium
2314 3904 2412 3962 fuit
2455 3917 2689 3965 corona,-

1605 3991 1831 4049 excepto
1850 3985 1927 4034 M.
1950 3985 2152 4046 Crasso,
2168 3983 2257 4049 qui
2271 3982 2336 4033 de
2358 3979 2591 4045 fugitivis
2602 3986 2669 4031 ,et

1603 4062 1872 4127 Spartaco,
1902 4061 2089 4121 laurea
2118 4066 2399 4113 coronatus
2416 4054 2691 4119 -inwitsfz

1604 4139 1707 4205 sed
1720 4143 1915 4203 postea
1934 4138 2093 4201 etiam
2105 4137 2160 4198 in
2176 4150 2311 4202 ww
2331 4140 2566 4195 ‹umet-

1676 4212 1830 4299 ΨΜ
1868 4213 2037 4282 W]
2066 4215 2249 4294 ,Τωξθ
2276 4213 2454 4276 Festos
2471 4208 2689 4285 *ma

2736 375 2763 384 ..-
