3100 4925
398 411 456 465 J.
476 414 540 465 C.
558 410 665 475 54]
709 427 719 444 ι

399 552 811 630 Praetoribus
854 551 1311 614 noscebantur.

1088 403 1518 456 ΑῑιιΝΑιιυΜ·
1550 371 1696 456 ms.
1744 406 1887 456 xrs.

2423 383 2597 464 1337

1401 549 1724 614 Claudius
1770 568 1960 614 omne
1998 550 2113 633 jus
2160 549 2449 630 tradidit,
2507 545 2594 616 de

401 672 536 737 quo
563 655 808 717 totiens
836 654 1160 716 seditione
1205 658 1321 716 aut
1369 655 1570 716 armis
1613 660 1950 730 certatum,
2001 672 2151 715 cum
2190 653 2595 735 Semproniis

399 750 882 836 rogationibusj
916 753 1236 837 Equester
1256 754 1416 819 ordo
1438 756 1507 817 in
1524 756 1954 837 possessione
1974 755 2378 838 judiciorum
2411 756 2594 819 loca-

403 859 619 950 retur3
639 864 756 919 aut
774 875 1027 919 rursum
1048 854 1350 920 Serviliae
1374 852 1593 937 legesk
1624 855 1893 920 Senatui
1915 855 2175 937 judicia
2205 855 2588 944 redderent,
2567 872 2586 891 ·
2654 939 2657 943 Δ

393 1022 625 1080 pretores
641 1017 753 1065 olim
771 1018 1053 1066 statuebant.

1118 1018 1188 1066 At
1225 1015 1449 1066 Claudius
1477 1024 1602 1067 tnnc
1641 1018 2060 1082 procuratoribus
2098 1019 2202 1069 suis
2235 1036 2368 1069 omne
2395 1020 2471 1079 ius
2490 1035 2595 1069 con-

397 1081 554 1140 cessit,
574 1084 632 1129 de
646 1097 734 1144 quo
754 1082 896 1130 toties
910 1082 1143 1130 discordia
1177 1083 1250 1130 vel
1281 1083 1427 1130 armis
1459 1088 1723 1145 pugnatum
1744 1090 1875 1143 erat,
1897 1099 2000 1133 cum
2019 1084 2308 1146 Sempronio}
2323 1084 2596 1146 rogationes

395 1145 627 1207 equ-’tibus
657 1146 845 1207 judicia
878 1148 1321 1203 concedentium
1359 1161 1522 1195 rursus
1558 1146 1775 1197 Servilia
1795 1150 1921 1209 leg-es
1939 1149 2127 1208 judicia
2147 1150 2327 1198 eadem
2365 1147 2595 1197 Patribus
2656 1181 2661 1184 Α

1392 1275 1603 1326 NOTAE

466 1359 719 1428 Ulpianus
761 1366 882 1415 item
936 1367 1001 1415 de
1038 1365 1174 1416 offic.
1217 1380 1455 1430 procons.

400 1443 417 1470 ‘
440 1441 608 1505 Saue‚'
631 1443 819 1506 inquit,
855 1444 869 1471 ‘
894 1443 936 1491 si
954 1442 1138 1516 fiscalis
1155 1441 1459 1506 pecuniaria

401 1532 559 1576 causa
578 1517 663 1581 sit,
686 1534 799 1584 quae
823 1520 888 1568 ad
908 1524 1301 1582 procuratorem
1318 1518 1457 1581 prin-

399 1593 532 1657 cipis
544 1595 775 1657 respicit,
788 1595 970 1643 melius
985 1593 1193 1656 fecerit,
1210 1594 1253 1643 si
1270 1608 1327 1643 se
1342 1592 1458 1642 abs-

311 1702 319 1711 ,
399 1668 600 1735 tinent!
644 1670 805 1732 Cujus
827 1685 958 1720 vana
971 1667 1036 1719 ‘et
1058 1671 1207 1720 irrita
1223 1669 1457 1731 monitio,

398 1745 443 1793 si
463 1744 518 1793 in
551 1747 914 1808 proconsulum
959 1747 1236 1810 provinciis
1275 1759 1457 1811 procu·

400 1825 600 1870 ratores
620 1822 763 1871 nulli.

465 1896 595 1948 Quae
649 1911 775 1961 ergo
812 1898 1000 1949 Dionis
1032 1898 1305 1948 verborum
1336 1912 1460 1948 vera

399 1973 574 2021 meus?
609 1986 711 2022 non
740 1972 842 2022 alia
876 1987 1027 2037 quam
1068 1978 1459 2036 procuratorem

400 2046 453 2097 in
473 2047 589 2097 aliis
610 2048 819 2113 quidem
841 2049 1118 2112 provinciis
1134 2063 1311 2098 omnes
1328 2049 1461 2098 redi-

398 2129 484 2174 tus
536 2124 801 2189 colligere,
844 2125 963 2190 quia
1017 2139 1193 2174 omnes
1240 2124 1458 2174 Caesaris

398 2197 793 2263 fisciquewsnnt:
829 2207 886 2249 at
928 2200 981 2248 in
1009 2200 1464 2263 proconsularibus

398 2288 503 2324 non
523 2288 716 2339 omnes,
758 2274 999 2339 quoniam
1023 2274 1297 2338 vectigalia
1318 2290 1458 2339 quae-

401 2351 520 2402 dam
562 2358 743 2401 vetera
773 2352 885 2415 ipse
919 2352 1193 2415 proconsul
1227 2351 1458 2415 colligat,

395 2428 450 2479 in
474 2429 652 2494 populi
671 2429 908 2479 serarium
924 2441 1174 2493 usumque
1189 2427 1461 2479 mittenda.

462 2505 681 2555 Dictum
735 2506 881 2566 satis,
928 2505 972 2553 si
1017 2504 1173 2565 addo,
1217 2518 1462 2566 procura-

400 2587 540 2637 tores
559 2581 713 2633 solius
729 2581 805 2630 rei
825 2581 1123 2630 Rationales
1144 2585 1330 2642 postea
1349 2578 1460 2628 dic·

323 2700 332 2711 ,
399 2662 501 2720 tos,
520 2661 630 2705 uta
652 2655 913 2718 prioribus
949 2655 1051 2704 illis
1086 2654 1465 2718 distingueren-

403 2738 489 2782 tur
503 2732 774 2798 :quoniam
787 2732 864 2782 illi
880 2747 988 2782 rem
1002 2731 1264 2795 publicam
1286 2733 1464 2794 etiam,

400 2809 453 2858 hi
474 2810 632 2859 solam
656 2809 911 2872 privatam
949 2808 1268 2871 tractabant,
1308 2808 1461 2858 ratio-

400 2899 595 2950 nesque
615 2885 852 2949 pecuniae
870 2884 1185 2948 principalis.
1217 2885 1426 2948 Lipsius.

404 2998 411 3007 .
464 2961 480 2995 ¹
509 2963 576 3012 Ιιι
616 2961 730 3012 urbe
764 2963 985 3025 plenaque
1026 2962 1261 3026 concesso]
1291 2963 1363 3012 -In
1380 2977 1463 3013 ur-

402 3042 469 3092 be
485 3041 750 3107 equitibus
767 3039 1013 3091 Romanis
1034 3041 1140 3089 late
1156 3039 1333 3095 datum
1342 3041 1459 3104 jus;

400 3119 501 3182 uti,
522 3120 592 3171 ab
603 3119 860 3184 Angusto,
880 3118 1160 3167 Maecenati
1178 3118 1233 3166 in
1247 3116 1462 3181 praefec-

397 3205 522 3265 'tnra
562 3196 737 3258 ιιι-δίης
780 3195 859 3244 uti
914 3192 1172 3258 praefecto
1219 3193 1463 3244 Pmtorii

403 3285 608 3336 semper
623 3288 644 3322 ι
672 3271 796 3335 quia
819 3270 862 3318 is
882 3284 950 3319 ex
979 3269 1154 3334 equite
1173 3268 1239 3318 ad
1260 3275 1460 3339 tempo-

365 3386 376 3397 .
403 3363 461 3398 ra
488 3347 808 3413 Vespasiani.
1231 3372 1260 3393 ‹-

464 3424 582 3475 Sed
603 3430 661 3475 et
698 3415 1117 3488 procuratoribus
1152 3418 1375 3469 Caesaris
1404 3418 1456 3467 in

404 3501 544 3551 Urbe
563 3498 772 3566 aliquod
799 3498 890 3561 jus
913 3503 1062 3546 extra
1099 3508 1181 3543 res
1201 3493 1333 3545 fisci.
1367 3495 1458 3543 Ul-

403 3577 605 3642 pianus,
655 3577 671 3604 ‘
697 3565 964 3639 Frequens
1018 3576 1101 3620 est
1138 3569 1296 3619 etiam
1332 3569 1460 3633 legis

401 3654 577 3705 Fabiae
600 3651 829 3716 cognitio
863 3649 917 3699 in
963 3647 1308 3698 tribunalibus
1330 3661 1463 3711 prae·

403 3730 603 3783 sid-sn.
638 3740 926 3795 quanquam
970 3724 1177 3790 quidam
1221 3737 1462 3788 procura·

403 3813 578 3858 tores
598 3805 819 3856 Caesaris
873 3801 1256 3866 usurpaverint,
1306 3813 1463 3865 quam

395 3883 602 3946 Rom,
620 3887 728 3931 tam
747 3881 803 3929 in
817 3877 1128 3943 provinciis?
1158 3876 1368 3939 Lipsius.

460 3955 482 3999 «ἱ
513 3955 802 4020 Semproniis
819 3952 1169 4017 rogationibus]
1194 3950 1306 4002 Has
1319 3950 1462 4014 leges

381 4033 525 4096 ptulit
547 4034 607 4084 C.
627 4031 963 4095 Sempronius
996 4028 1263 4080 Gracchus
1300 4026 1462 4075 tribu*

391 4104 516 4179 ,pus
554 4110 695 4176 pleb.
750 4110 818 4160 Q.
852 4104 1093 4167 Cecilio'
1117 4104 1356 4167 Metello,
1401 4104 1462 4151 Τ.

406 4186 647 4243 Quintio·
675 4185 932 4237 Flaminio
970 4197 1108 4233 coss.
1143 4195 1282 4231 anno
1309 4183 1458 4230 moa

404 4267 498 4318 Ne<
512 4263 581 4318 de
598 4263 770 4332 capite
792 4261 922 4314 ciris
957 4260 1107 4312 Rom.
1145 4256 1346 4323 injussu
1372 4268 1465 4322 po-

1536 1366 1647 1428 puli
1660 1366 2015 1433 judicaretur:
2040 1367 2117 1417 Ut
2131 1366 2219 1431 qui
2241 1366 2594 1429 magistratus,

1536 1442 1729 1492 indicta
1769 1458 1942 1505 causa,
1995 1444 2050 1492 in
2095 1444 2260 1493 civem
2310 1444 2453 1493 Rom.
2485 1443 2596 1491 ani-

1536 1517 1916 1581 madvertisset,
1957 1517 2023 1567 de
2061 1534 2124 1568 eo
2157 1517 2337 1582 populi
2373 1517 2592 1580 quaestio

1538 1589 1965 1644 constitueretur·
2003 1595 2086 1644 Ne
2119 1595 2231 1659 quis
2269 1595 2448 1657 coiret,
2470 1607 2594 1644 con·

1537 1670 1760 1733 veniret,
1783 1686 1882 1734 quo
1905 1671 2017 1735 quis
2042 1669 2242 1734 judicio
2266 1669 2475 1733 publico
2493 1670 2596 1720 cir·

1537 1747 1937 1797 cumveniretur.

1600 1822 1801 1871 Putant
1835 1824 1992 1872 etiarn
2036 1822 2101 1872 ab
2141 1836 2202 1871 eo
2245 1822 2402 1869 latam
2436 1785 2596 1869 fuisse

1534 1897 1702 1960 legem
1743 1896 2000 1959 Porciam,
2038 1897 2120 1946 Ne
2160 1897 2488 1966 magistratus
2523 1893 2596 1943 ci-

1538 1987 1651 2021 vem
1670 1972 1828 2023 Rom.
1851 1974 2007 2037 virgis
2039 1971 2289 2032 caederet,
2309 1976 2401 2019 aut
2422 1967 2595 2019 securi

1536 2046 1816 2111 feriret„ut
1826 2049 2042 2112 judicia,
2076 2062 2190 2110 quoe
2210 2060 2418 2109 semper
2440 2050 2595 2094 antea
2690 2043 2699 2050 '

1538 2138 1698 2188 penes
1728 2124 2043 2175 senatorium
2087 2122 2318 2173 ordinem
2370 2119 2597 2183 fuerant,

1539 2199 1605 2248 ad
1627 2201 1761 2250 solos
1780 2201 1985 2265 equites
2019 2196 2445 2249 transferrentur:
2481 2209 2596 2245 nam

1535 2275 1783 2324 hacteuus
1793 2274 2011 2339 judicia,
2032 2276 2147 2337 lege
2169 2273 2396 2336 Romuli,
2435 2285 2596 2336 penes

1539 2356 1769 2399 senatum
1793 2348 2017 2400 fuerant.

1550 2457 1557 2463 -
1602 2424 1693 2475 Sic
1715 2426 1933 2490 Dionys.
1952 2424 2123 2476 Halic.
2154 2424 2169 2451 ‘
2185 2423 2432 2474 Romulus
2453 2426 2598 2487 post·

1539 2516 1692 2566 quam
1729 2501 1977 2552 discrevit
2008 2503 2237 2566 potiores
2259 2502 2324 2550 ab
2345 2499 2599 2550 inferiori·

1541 2576 1655 2640 bus,
1696 2591 1817 2626 mox
1862 2577 2064 2639 legibus
2106 2577 2225 2626 latis
2261 2573 2597 2639 praescripsit,
2664 2604 2667 2607 »

1540 2659 1601 2701 ut
1645 2652 1854 2715 patricii
1884 2666 2031 2702 sacra
2051 2658 2312 2711 curarent,
2332 2651 2598 2713 magistra·

1540 2736 1627 2779 tus
1670 2734 1931 2792 gererent,
1963 2727 2053 2790 jus
2094 2727 2393 2790 redderent,
2420 2739 2596 2775 secum

1539 2806 1799 2869 Rempub.
1821 2804 2256 2863 administrarent,
2275 2816 2358 2851 res
2372 2801 2597 2851 urbanas

1537 2881 1777 2932 obirent!
1807 2880 1885 2931 At
1915 2882 2030 2943 lege
2067 2879 2366 2942 Sempronia
2386 2877 2442 2927 id
2479 2876 2599 2927 sub·

1541 2974 1761 3010 versum.

1603 3036 1892 3101 Semproniis
1911 3034 2253 3098 rogationibus]
2309 2988 2605 3095 Rogationos

1535 3121 1713 3177 vocat,
1751 3114 1872 3178 quia
1893 3111 2204 3173 tribuniciae,
2227 3115 2284 3158 et
2304 3108 2484 3172 populi
2507 3107 2606 3157 sci·

1540 3195 1597 3239 ta
1618 3195 1784 3239 erant.
1851 3187 1927 3238 At
1955 3201 2076 3236 vero
2098 3187 2339 3236 Serviliae
2361 3188 2488 3248 leges
2508 3199 2599 3234 vo-

1539 3266 1786 3331 cat,'quia
1799 3264 1992 3314 Servilii
2016 3262 2243 3314 consulis
2265 3266 2434 3310 erant.

1600 3339 1626 3374 ἱ
1658 3341 1876 3390 Servilia
1893 3341 2040 3403 leges]
2072 3338 2256 3387 Plures
2271 3350 2333 3385 eo
2350 3334 2556 3391 nomine
2577 3349 2592 3382 ε

1537 3419 1633 3468 sed
1651 3432 1754 3467 una
1763 3416 2061 3482 judiciaria,
2085 3428 2236 3479 quam
2259 3412 2380 3462 tulit
2394 3412 2462 3463 Q.
2477 3410 2597 3459 Ser·

1537 3494 1687 3545 vilius
1726 3491 1905 3556 Caepio
1943 3492 2163 3541 Consul:
2199 3489 2265 3538 de
2291 3503 2394 3552 qua
2411 3485 2599 3537 Cicero

1538 3569 1726 3634 saepius
1747 3574 1804 3617 et
1820 3566 2089 3616 Asconius.
2126 3565 2334 3628 Lipsius.

1607 3643 1824 3695 Servilia
1841 3643 1989 3706 leges]
2022 3642 2209 3704 Legem
2232 3635 2516 3689 Serviliam*
2524 3641 2605 3687 tu·

1542 3721 1606 3771 lit
1623 3723 1692 3774 Q.
1718 3705 1966 3769 Servilius
1989 3715 2167 3778 Caepio
2187 3712 2378 3764 Consul
2399 3726 2516 3763 cum
2542 3712 2605 3764 C.

1541 3796 1735 3847 Attilio
1756 3796 1978 3844 Serrano
2016 3805 2147 3840 anno
2168 3792 2310 3839 647.=
2349 3788 2448 3836 hac
2480 3788 2599 3851 lege

1542 3878 1769 3935 cautum,
1784 3877 1843 3919 nt
1851 3867 2071 3933 judicia,
2082 3880 2217 3931 quae,
2229 3866 2347 3928 lege
2361 3864 2478 3913 Sem
2484 3877 2603 3927 pro-

1540 3947 1728 4010 nia,ad
1751 3947 1886 3995 solos
1909 3942 2112 4008 equites
2144 3941 2398 3992 translata
2431 3945 2604 4000 erant,

1542 4022 1711 4073 ordini
1762 4017 2031 4072 Senatorio
2082 4015 2604 4086 communicarentur.
2612 4060 2619 4069 ι

1542 4099 1667 4148 Fuit
1687 4103 1858 4148 antem
1879 4096 1978 4144 hac
2000 4094 2115 4158 lege
2153 4093 2320 4142 minor
2362 4081 2601 4140 numanis

1541 4177 1847 4226 Senatorum
1879 4184 2033 4261 quam
2071 4168 2307 4235 equitum
2339 4164 2477 4217 inter
2513 4165 2602 4230 ju-

1540 4250 1698 4303 dices.
