3100 4925
2362 413 2538 488 1615

324 582 774 653 mitterentur?
808 579 1179 651 Servarent⁸
1207 596 1367 641 sane
1395 577 1723 659 receptos⁸
1757 578 2025 661 gregibu
2039 597 2095 659 S,
2125 578 2287 646 inter
2315 582 2528 646 homie

323 442 596 507 mewa]
637 455 642 460 ·
990 433 1399 485 summum
1459 431 1611 483 mn.
1659 431 1837 485 xm.

273 785 282 794 .
335 744 611 808 aliquando
634 742 1075 793 conducerentur?
1098 740 1347 789 haberent
1369 753 1491 789 saue
1512 742 1765 803 sepositos
1787 744 2032 794 armentis
2057 759 2206 809 agros
2228 745 2370 794 etiam
2392 745 2531 795 inter

1250 882 1280 901 O
1286 882 1608 901 ‘Oenonen

322 969 740 1019 maceratum—8
773 967 1096 1016 Emendabat
1140 966 1360 1029 LipsiuS,
1397 969 1610 1028 exceptos
1651 973 1706 1017 et
1740 966 1941 1027 samem.
2042 970 2235 1018 Famem
2283 969 2524 1033 probavit

327 1033 723 1088 Freinshemius,
748 1032 836 1079 sed
861 1033 1106 1093 correxit,
1127 1036 1355 1093 receptus.
1422 1031 1721 1095 Utramque.
1736 1032 2076 1082 Freinshemii
2111 1035 2524 1083 emendationem

329 1096 537 1146 admisit
559 1105 612 1145 et
635 1096 798 1145 edidit
823 1097 1079 1159 Ryckius;
1112 1095 1531 1159 quemErnestus
1554 1101 1610 1143 et
1628 1096 1713 1146 alii
1738 1110 1839 1145 nou
1867 1105 1987 1147 sunt
2009 1099 2191 1148 secuti.
2233 1099 2316 1147 Et
2335 1097 2521 1148 merito

364 1160 552 1210 uidem.
619 1162 843 1218 Vulgata
865 1162 999 1208 enim
1026 1162 1211 1210 Latina
1234 1165 1370 1220 sunt,
1393 1164 1448 1206 et
1470 1160 1783 1210 auctoritate
1818 1162 2063 1212 librorum
2091 1170 2327 1212 veterum
2348 1160 2526 1211 defen-

319 1269 322 1274 .
367 1230 536 1275 untur.
568 1223 633 1274 In
653 1226 753 1274 Ms.
774 1224 925 1274 Harl.
944 1226 1134 1289 legitur
1152 1223 1359 1289 quidem
1375 1228 1603 1286 receptus,
1625 1224 1717 1277 sed
1742 1227 1944 1275 recenti
1966 1241 2151 1277 manu:
2188 1233 2343 1276 antea
2363 1226 2523 1291 scrip·

1227 1343 1230 1346 ¹
1313 1350 1528 1402 No'rAE

332 1478 559 1531 §eumue
578 1479 789 1545 contueri
811 1480 951 1527 inane
968 1479 1115 1527 solum
1130 1474 1156 1527 ζ’

398 1557 501 1606 Sed
525 1563 580 1605 et
604 1557 872 1620 sequentia
897 1557 971 1605 sic
994 1546 1353 1604 constituimus
1376 1568 1390 1601 ι

331 1636 571 1684 servarent
611 1647 721 1681 sune
754 1637 965 1693 receptus
1010 1631 1237 1693 greg-ibus
1269 1630 1396 1679 inter

333 1706 773 1767 hominumsaM.
819 1708 955 1756 Nam
965 1707 1153 1765 samam
1170 1707 1275 1768 legi
1291 1720 1394 1754 non

333 1797 482 1850 posse
505 1783 707 1846 Lipsius
734 1783 881 1843 vidit,
919 1790 1077 1847 atque
1098 1779 1282 1840 samem
1315 1794 1394 1828 re-

332 1859 538 1923 posuit:
575 1874 666 1922 pro
688 1864 893 1921 receptos
926 1865 1117 1919 autem,
1140 1856 1276 1921 quod
1309 1857 1395 1903 ha-

331 1936 460 1985 bent
490 1935 608 1996 libri
646 1939 862 1997 exceptos
899 1933 1145 1998 legebat3
1180 1931 1269 1980 sed
1305 1930 1392 1979 ad-

324 2011 548 2074 juvaute
571 2024 742 2072 sensu,
762 2023 941 2059 socero
963 2024 1078 2057 meo
1096 2007 1251 2057 facile
1277 2021 1393 2070 pro·

332 2087 474 2149 bavi,
525 2091 739 2149 receptus
790 2083 1044 2149 potiorem
1116 2083 1391 2133 lectionem

334 2175 469 2211 esse.

400 2238 654 2300 Receptus,
690 2237 834 2285 locus
862 2241 1107 2296 semotus,
1141 2248 1241 2299 quo
1275 2233 1393 2297 ,quis

335 2326 392 2362 se
429 2313 641 2375 recipit,
670 2310 991 2374 ἂναχόρησιςε
1027 2311 1161 2375 quod
1196 2317 1302 2359 tam
1326 2309 1391 2357 de

334 2387 643 2448 hominibuS,
667 2402 818 2449 quam
858 2386 925 2434 de
953 2386 1065 2434 aliis
1089 2385 1391 2434 animalibus

333 2465 442 2514 dici
466 2470 666 2528 potest:
705 2463 957 2528 quomodo
990 2462 1101 2511 fere
1126 2463 1263 2526 apud
1285 2462 1392 2511 Co-

331 2543 608 2592 lumellam.
639 2545 848 2591 vnn-1.
892 2540 958 2590 de
1002 2555 1059 2590 re
1105 2541 1255 2588 Rust.
1301 2541 1394 2588 ‘a-

334 2618 606 2683 quatilium
654 2617 966 2667 -animalium
1020 2614 1389 2678 receptacula.'

331 2695 702 2746 Freinshemius.
1187 2722 1192 2725 -

400 2771 628 2835 Quotam]
658 2771 724 2819 Id
747 2776 845 2834 est,
868 2770 1165 2835 quantulam
1186 2774 1391 2832 partem

333 2847 445 2912 agri
464 2848 516 2896 in
541 2853 646 2896 tam
679 2847 936 2897 immensis
968 2846 1231 2910 vastisque
1256 2859 1389 2894 cam-

330 2924 417 2989 pis
436 2937 549 2973 esse
563 2929 872 2973 reservatam
891 2920 1154 2985 gregibus,
1170 2920 1224 2968 in
1241 2934 1390 2985 quam

331 3013 438 3050 non
482 3000 638 3049 etiam
688 3013 911 3062 semper,
952 2997 1044 3046 sed
1085 2995 1391 3061 quandoque

332 3081 539 3124 tantum
583 3086 780 3139 pecora·
813 3080 871 3123 et
911 3077 1141 3122 armenta
1171 3071 1390 3120 militum

333 3150 844 3201 transmitterentur?
875 3190 910 3219 d

347 3246 356 3251 ·
400 3227 606 3282 Quotam
642 3225 852 3288 purtem]
917 3225 1143 3277 Quotam
1186 3230 1391 3288 partem

334 3302 510 3364 campi
524 3302 723 3365 jacere,
748 3301 803 3349 id
830 3307 925 3363 est,
954 3302 1168 3350 inertem
1193 3314 1306 3349 esse
1328 3313 1389 3350 ac

1473 1490 1622 1538 quam
1645 1477 1748 1527 late
1778 1486 1959 1543 patere
1993 1477 2155 1545 agros
2176 1480 2306 1548 illos,
2328 1482 2382 1531 in
2405 1496 2553 1547 quos·
2584 1503 2589 1511 ·

1472 1567 1655 1615 greges
1706 1555 1981 1619 aliquando
2020 1556 2534 1608 transmitterentur?

1474 1628 1733 1678 Quantam
1758 1637 1957 1693 partem
2001 1632 2110 1693 agri
2130 1631 2308 1693 jacere,
2345 1632 2398 1680 id
2435 1641 2535 1697 est,

1472 1717 1693 1753 vacuam
1716 1719 1824 1753 esse
1843 1713 1897 1755 et
1917 1707 2169 1771 inutilem,
2185 1708 2237 1755 in
2262 1722 2415 1771 qnam
2427 1721 2535 1758 neu

1471 1792 1630 1841 saepe,
1654 1779 1742 1827 sed
1781 1782 2053 1843 aliquando
2087 1788 2290 1831 tantum
2325 1788 2378 1832 et
2413 1797 2532 1832 raro

1471 1867 1656 1916 greges
1683 1856 2119 1906 immitterentur?
2150 1863 2390 1907 servarent
2421 1872 2533 1908 sane

1469 1934 1702 1992 receptus,
1718 1934 1799 1993 ᾄσ.
1886 1959 1891 1966 -
2196 1945 2203 1964 *
2408 1955 2413 1964 ·
2500 1939 2517 1966 ‘⁴

1537 2006 1635 2054 Vel
1658 2007 1952 2070 minuendo,
1966 2009 2112 2072 quasi
2134 2008 2559 2075 dicerem-quatis
2588 2032 2594 2038 ·

1459 2082 1635 2130 ·tulam
1658 2096 1770 2130 esse
1786 2084 1896 2147 agri
1918 2091 2121 2147 partem
2139 2087 2300 2149 illam,
2313 2086 2364 2134 in
2381 2100 2532 2151 quam
2604 2109 2609 2116 ἡ

1472 2157 1747 2222 aliquando
1768 2161 1989 2211 militum
2014 2177 2194 2226 greges
2216 2163 2534 2213 transmitte·

1471 2235 1684 2282 rentur?
1734 2249 1843 2297 prae
1895 2236 1983 2284 illa
2028 2244 2177 2287 vasta
2234 2238 2532 2302 solitudine,

1459 2323 1589 2372 .qnae
1626 2323 1794 2374 neque
1841 2311 2143 2362 animalibus
2183 2314 2321 2376 ullis,
2363 2327 2533 2377 neque

1457 2385 1754 2434 -hominibus
1787 2386 2045 2437 inserviat.
2117 2390 2186 2437 Et
2227 2395 2368 2438 certe
2409 2403 2531 2439 vera

1471 2462 1716 2511 dicebant
1738 2464 2003 2529 Germani,
2025 2465 2116 2514 sed
2137 2472 2284 2515 vasta
2306 2466 2396 2515 illa
2414 2466 2532 2521 soli-

1471 2538 1598 2587 tudo
1619 2540 1671 2587 in
1694 2541 1792 2588 hoc
1817 2541 2093 2605 destinata,
2117 2547 2176 2591 ut
2208 2543 2309 2607 ipsi
2344 2542 2531 2606 procul

1471 2623 1848 2666 amoverentur.
1927 2617 2186 2668 Adversus
2236 2621 2376 2682 ipsos
2419 2620 2535 2668 soli·

1470 2690 1598 2739 tudo
1616 2691 1746 2754 haec,
1761 2707 1865 2742 non
1881 2708 1978 2756 pro
1998 2695 2258 2757 ipsi3,non
2278 2695 2393 2745 usui
2406 2695 2529 2744 bar·

1469 2765 1735 2830 batorum,
1754 2769 1843 2818 sed
1882 2771 2044 2833 quieti
2078 2775 2360 2820 castrorum
2378 2771 2528 2820 Rom.

1468 2848 1790 2905 praeparata3
1823 2845 1839 2871 ‘
1858 2858 1975 2894 cum
2008 2847 2331 2895 solitudinem
2353 2845 2525 2897 fecere

1459 2915 1698 2980 -quietem
1716 2920 1941 2970 vocant!
1991 2920 2203 2971 sallust.

1535 2998 1561 3024 ²
1592 2993 1866 3057 Ser-vorent]
1900 2994 2008 3046 Alii
2030 2997 2228 3061 legunt,
2241 2997 2368 3047 inter
2382 2996 2529 3048 homi-

1459 3069 1793 3133 -mimsomum,
1819 3072 1902 3120 alii
1932 3073 2060 3122 inter
2075 3074 2311 3123 hominum
2328 3074 2529 3132 samem.

1471 3146 1677 3209 Nempe
1718 3148 1843 3196 inter
1884 3150 2119 3198 hominum
2140 3148 2344 3213 samam,
2382 3149 2530 3215 quasi

1472 3220 1595 3268 talia
1624 3221 1830 3270 barbari
1864 3224 2238 3287 exprobrarent
2259 3225 2529 3275 Romanis:

1468 3296 1686 3346 Servate
1729 3312 1935 3362 campos
1985 3301 2300 3349 necessarios
2332 3299 2530 3349 alendis

329 3390 563 3436 vacuam,
586 3383 643 3427 et
663 3392 695 3426 a
717 3377 859 3426 cultu
880 3377 1138 3425 hominum
1161 3375 1389 3424 vastam?
1427 3373 1688 3422 -militum
1719 3374 1990 3438 gregibus3
2033 3377 2107 3425 ita
2151 3382 2324 3425 tamen
2363 3381 2422 3425 ut
2452 3374 2528 3424 fa-

329 3452 501 3503 iunuit
535 3453 788 3502 modicam
822 3464 934 3501 esse
966 3456 1167 3515 partem
1206 3449 1393 3513 campi,

334 3543 459 3594 quae
475 3518 660 3578 relicta
691 3529 760 3576 sit
784 3527 898 3577 usui
918 3532 975 3576 et
995 3525 1240 3575 armentis
1263 3525 1391 3574 mili-

333 3612 466 3669 tum,
508 3611 565 3655 et
606 3606 733 3668 ipsis
777 3605 1023 3654 inserviat
1066 3602 1389 3669 quandoque,

333 3697 437 3732 non
459 3695 678 3744 semper.

398 3758 684 3806 Maximam
704 3771 825 3807 vero
848 3771 980 3821 esse,
1003 3762 1060 3806 et
1080 3757 1187 3806 late
1209 3763 1390 3820 patere

332 3849 451 3885 eam
482 3833 655 3897 campi
687 3840 908 3898 partem,
943 3848 1094 3897 quam
1133 3847 1392 3897 nunquam

332 3909 694 3974 ingrediantur
736 3909 924 3958 milites
963 3914 1052 3958 aut
1075 3909 1219 3958 -servi
1258 3908 1389 3957 mili-

332 3991 464 4044 tum,
484 3999 584 4048 qua
605 3999 854 4048 nusquam
877 3989 1089 4033 utantur
1111 3998 1310 4046 greges.

355 4086 360 4092 ·
403 4061 608 4115 Quotam
646 4059 851 4122 purtem]
905 4059 1146 4122 Intellige
1184 4060 1267 4107 vel
1303 4075 1388 4108 au-

333 4134 524 4200 gendo,
545 4137 630 4185 vel
660 4137 956 4199 minuendo,
987 4150 1173 4199 nempe
1208 4149 1392 4199 augen-

332 4212 423 4273 do,
443 4212 590 4276 quasi
610 4213 684 4262 sic
709 4213 1017 4278 scripsisset,
1037 4218 1279 4277 quantam,
1297 4228 1389 4267 seu

331 4300 490 4358 quan
533 4294 729 4341 vestam
781 4296 985 4361 partem
1040 4289 1234 4356 campi*
1257 4304 1391 4357 esse,

1468 3465 1601 3498 mam
1627 3456 1682 3499 et
1703 3448 1869 3500 decus
1894 3452 2183 3510 Romanum
2220 3451 2356 3516 apud
2388 3458 2528 3502 eete-

1467 3541 1551 3576 ros
1574 3529 1813 3577 mortales
1842 3530 2191 3590 conservetis3
2224 3530 2300 3578 ita
2322 3534 2382 3578 ut
2402 3529 2529 3577 libe·

1468 3603 1691 3652 ralitatls
1723 3611 1779 3653 et
1805 3604 2135 3653 humanitatis
2156 3610 2344 3654 vestrae
2366 3604 2530 3666 speci-

1469 3693 1587 3728 men
1608 3679 1809 3744 aliquod
1834 3680 1982 3729 nobis
2004 3680 2304 3743 exhibeatis,
2335 3693 2528 3730 necea

1470 3756 1716 3804 immensa
1726 3757 1966 3820 jugerum
1995 3757 2179 3820 spatia,
2210 3771 2325 3821 quae
2359 3757 2528 3820 gregi-

1457 3831 1567 3881 bus
1586 3832 1774 3881 vestris
1803 3840 2097 3897 supersunt,
2133 3834 2305 3897 egenis
2328 3833 2529 3897 populis

1472 3907 1740 3971 denegetis
1760 3925 1774 3968 ;
1807 3923 1904 3958 nec
1926 3915 2071 3959 certe
2104 3910 2286 3959 melior
2310 3914 2401 3959 aut
2420 3925 2528 3958 ma-

1460 3983 1547 4045 jor
1567 3982 1702 4032 fama
1727 3984 1906 4048 populi
1927 3985 2140 4035 victoris
2162 3986 2389 4049 gentium
2413 3998 2526 4034 esse
2572 3974 2599 4021 ‘.

1457 4066 1664 4124 potest,
1686 4076 1837 4125 quam
1878 4064 2154 4127 largitione
2186 4063 2263 4112 uti
2292 4063 2526 4112 etbene-

1455 4139 1697 4189 -volentia
1719 4140 1771 4188 in
1786 4141 2008 4203 'populos
2032 4139 2312 4202 universos,
2335 4141 2433 4189 διο.

1532 4214 1637 4263 Sed
1678 4216 1773 4265 ad.
1799 4229 1908 4263 rem
1951 4214 2160 4263 videtur
2196 4212 2366 4277 potius
2412 4224 2526 4262 esse

1467 4289 1635 4341 altera
1676 4290 1837 4344 lectio
1872 4291 2002 4341 inter
2042 4290 2282 4342 hominum
2309 4287 2490 4351 famem
2503 4305 2525 4348 ,-
