3100 4925
459 408 553 473 [A.
578 405 645 460 U.
669 412 783 487 sos.
815 408 871 462 J.
892 409 954 460 c.
974 408 1079 472 ss]
1253 375 1664 474 QNNALI'UM
1694 363 1859 486 ms.
1900 342 2047 451 ‘xm
2460 359 2647 451 1349

460 556 635 633 post,
664 550 1112 633 magnitudine
1141 568 1406 613 onerum
1432 552 1724 630 urgente,
1775 551 1796 580 ‘
1822 539 2022 611 ‘finem
2051 550 2166 611 aut
2191 545 2475 611 modum’
2504 567 2650 624 ora,-

437 652 644 729 ·bant,
674 653 1001 718 annitente
1030 652 1367 735 Principe,
1396 652 1512 733 qui
1559 656 1580 683 ‘
1609 649 1894 716 Thracio
1922 648 2483 738 Bosphoranoque
2510 650 2658 728 belf.

457 753 555 817 10¹²
580 740 830 816 ‘recens
873 754 1088 817 fessos
1125 750 1610 837 juvandosque'
1640 751 1874 815 retulit.
1961 750 2070 817 Ita
2104 750 2344 815 tributa
2369 749 2442 813 in
2464 753 2652 835 quin-

462 856 811 936 quennium
839 854 1133 917 remissa.

461 949 470 960 '
544 954 652 1019 64.
698 954 798 1019 Μ.
841 953 1081 1019 Asinio
1113 954 1234 1019 Μ’.
1266 953 1491 1019 Acilio
1521 953 1716 1020 Coss.
1744 954 2169 1018 mutationem
2197 974 2410 1018 rerum
2435 955 2506 1018 in
2536 954 2652 1019 de·-

460 1057 663 1120 terius
690 1057 1012 1140 portendi,
1046 1058 1380 1139 cognitum
1419 1061 1522 1120 est
1568 1055 1815 1119 crebris
1842 1055 2215 1138 prodigiiS.⁰
2300 1055 2531 1137 Signa¹
2566 1075 2650 1122 ac

459 1159 740 1222 tentoria
784 1159 1066 1225 militum
1115 1161 1262 1242 igne
1314 1159 1578 1222 coelesti
1623 1166 1893 1222 arsere.p
1979 1157 2280 1242 Fastigio
2309 1155 2653 1241 Capitoliiq

459 1361 613 1411 finem
635 1368 724 1412 aut
750 1362 956 1414 modum
977 1363 1227 1425 rogabant,
1247 1363 1495 1424 adjuvante
1520 1364 1727 1422 Coesare,
1748 1362 1829 1425 qui
1851 1361 2193 1412 sublevandos
2211 1377 2298 1413 eos
2318 1361 2569 1424 referebat,
2591 1367 2657 1416 ut

460 1427 549 1490 qui
567 1441 734 1504 nuper
749 1428 971 1477 Thracio
990 1429 1426 1491 Bospliorauoque
1450 1427 1587 1476 bello
1609 1427 1847 1476 exhausti
1869 1427 2028 1490 opibus
2047 1434 2216 1478 essent.
2281 1426 2364 1477 Sic
2377 1441 2520 1477 onera
2533 1425 2654 1490 pub-

459 1490 579 1540 lica·
565 1493 689 1554 apsis
709 1492 761 1541 in
782 1492 982 1554 quinque
998 1508 1146 1541 annos
1159 1494 1413 1541 condonata
1434 1497 1572 1540 sunt.

461 1591 470 1602 .
525 1556 602 1605 M.
624 1556 789 1605 Asinio
812 1558 887 1604 M.
912 1557 1069 1605 Acilio
1089 1557 1350 1605 consulibus
1353 1554 1704 1618 ,frequentibus
1721 1556 1917 1608 ostentis
1934 1561 2217 1618 compertum
2233 1560 2331 1616 est,
2343 1553 2653 1604 mutationem

457 1620 822 1668 dominationis
804 1636 855 1669 m
873 1621 1001 1683 pezius
1022 1623 1292 1669 monstrari.
1356 1620 1507 1680 Signa
1530 1620 1695 1681 quippe
1729 1625 1774 1667 et
1802 1618 2101 1668 tabernacula
2122 1618 2533 1695 militumflamma
2560 1635 2650 1667 εω-

458 1683 566 1732 lesti
573 1683 792 1747 flagrare
804 1685 907 1734 visa
927 1690 1054 1734 sunt.
1121 1687 1340 1733 Examen
1372 1699 1510 1747 apum
1543 1683 1772 1745 Capitolii
1791 1684 1972 1733 culmen
1991 1684 2180 1733 insedit.
2243 1681 2483 1746 Bicipites
2502 1682 2650 1732 homi·

1388 1822 1651 1844 ONNOm
1657 1819 1678 1840 Ι
1687 1824 1743 1843 ‘O

525 1914 553 1959 1
587 1910 671 1959 lta
692 1911 816 1959 Mss.
835 1911 975 1960 Flor.
998 1913 1128 1975 Reg.
1151 1911 1314 1961 editio
1353 1911 1594 1975 princeps
1628 1917 1684 1960 et
1717 1907 2121 1960 Ernestus.1n
2154 1907 2284 1957 Mss.
2319 1907 2472 1957 Harl.
2491 1903 2650 1961 Bodl.

457 1974 571 2026 Jes.
603 1982 659 2024 et
695 1976 1029 2039 Puteolanus,
1062 1977 1202 2038 signa
1234 1977 1358 2029 enim
1396 1991 1452 2025 ac
1488 1974 1864 2024 tentoria.1ta
1901 1973 2196 2023 Gronovius
2239 1978 2296 2023 et
2339 1972 2652 2037 Ryckius—

1387 2105 1489 2174 N
1494 2104 1652 2156 0⁹1*AE

524 2196 770 2246 *Thracio
784 2197 1172 2261 Bosphorunoque
1189 2199 1331 2262 bello]
1368 2200 1514 2250 Thra-

456 2274 581 2323 cium
634 2273 823 2323 bellum
877 2273 1139 2338 intelligit,
1200 2274 1336 2338 quod
1398 2290 1514 2324 cum

456 2349 743 2399 Thracibus
800 2351 1055 2400 montanis
1093 2357 1337 2415 gestum,
1382 2351 1513 2401 duce

455 2427 693 2492 Poppoeo
729 2415 934 2491 Sabino,
972 2426 1067 2476 sub
1099 2426 1339 2477 Tiberio:
1393 2428 1514 2477 Bos-

450 2505 728 2567 phoranum,
748 2503 886 2567 quod
908 2518 1025 2552 cum
1043 2519 1165 2569 rege
1185 2489 1512 2554 Mithridate.

457 2580 543 2628 De
565 2578 676 2637 illo,
709 2584 892 2628 noster
924 2579 1014 2629 lib.
1041 2593 1146 2630 nm
1198 2579 1262 2628 de
1294 2580 1408 2644 hoe,
1430 2596 1513 2628 su-

457 2668 572 2717 pra,
590 2653 722 2703 isto
708 2669 822 2718 ipso
847 2654 994 2705 libro.
1027 2656 1233 2718 Lipsius.

465 2746 474 2789 ·,
527 2733 750 2796 Thracio]
802 2734 938 2784 Vide
961 2740 1110 2785 notas
1132 2736 1222 2786 lib.
1245 2750 1322 2787 vx.
1345 2750 1393 2786 c.
1427 2739 1509 2785 10.

456 2807 769 2858 Tillemonius.

519 2865 930 2948 bosphoreum]
993 2885 1127 2935 Vide
1165 2891 1314 2936 notas
1358 2901 1513 2952 supra

456 2963 608 3008 c315.
647 2960 961 3011 Tillemom'us.
1049 2980 1056 2985 ·

521 3042 545 3068 ⁰
564 3037 819 3098 Cognitum
839 3043 910 3086 est
928 3038 1101 3088 crebris
1115 3040 1373 3103 prodigiis]
1389 3041 1514 3091 Sue·

458 3116 566 3162 ton.
600 3112 784 3162 Claud.
818 3118 900 3164 46.
981 3116 997 3144 ‘
1021 3115 1285 3179 Praesagia
1334 3116 1515 3180 mortis

457 3187 570 3250 ejus
591 3189 860 3253 praecipua
891 3186 1129 3240 fueruntz
1184 3199 1394 3241 exortus
1417 3192 1515 3242 cri-

455 3263 580 3312 nitae
603 3254 782 3328 s‘tellae‚
804 3280 957 3328 quam
992 3272 1243 3315 cometem
1280 3274 1509 3317 vocant.
1496 3304 1516 3317 ..

459 3346 755 3403 tactumque
814 3341 879 3390 de
939 3342 1073 3391 coelo
1128 3349 1511 3394 monumentum

455 3412 613 3463 Drusi
646 3416 836 3478 patris:
885 3423 940 3466 et
981 3417 1117 3481 quod
1155 3417 1338 3468 eodem
1362 3434 1512 3483 anno,

455 3503 519 3538 ex
538 3492 762 3541 omnium
774 3493 1163 3556 magistratuum
1183 3508 1390 3557 genere,
1407 3496 1515 3559 ple·

455 3565 600 3629 rique
621 3572 839 3616 mortem
860 3567 1112 3619 obierant.
1159 3570 1261 3619 Sed
1283 3570 1396 3633 ipse
1418 3584 1515 3619 nee

454 3641 735 3705 ignorasse,
766 3649 856 3692 aut
877 3643 1222 3695 dissimulasse
1244 3646 1427 3695 ultima
1444 3646 1516 3696 vi·

456 3722 526 3766 tae
546 3732 652 3766 suae
675 3724 910 3782 tempora
940 3721 1164 3784 videtur,
1187 3722 1386 3787 aliquot
1409 3721 1516 3786 qui-

453 3793 571 3843 dem
612 3799 957 3858 argumentis3
1007 3812 1126 3846 nam
1158 3804 1215 3847 et
1247 3814 1361 3848 cum
1395 3812 1515 3848 con·

454 3870 587 3919 sules
605 3871 920 3935 designaret,
943 3875 1206 3923 neminem·
1222 3877 1359 3924 ultra
1376 3878 1515 3925 men-

456 3959 585 4008 sem,
601 3961 703 4010 quo
728 3947 875 4010 obiit,
896 3948 1224 4012 designavit!

518 4021 788 4084 Prodigiis]
837 4020 975 4073 Plin.
998 4024 1090 4073 lib.
1113 4038 1177 4073 11.
1196 4029 1278 4074 25.
1331 4024 1513 4074 Come-

451 4100 534 4144 tes
548 4097 566 4124 ⁸
590 4090 873 4149 terrificum
893 4113 1079 4162 magna
1101 4115 1167 4150 ex
1181 4108 1330 4164 parte
1353 4102 1515 4164 sidus,

451 4184 516 4219 ac
538 4184 639 4219 non
673 4172 861 4223 levi-ter
882 4173 1101 4237 piatum,
1122 4183 1183 4224 ut
1205 4177 1347 4226 civili
1369 4184 1515 4226 motu

452 4246 677 4298 Octavio
702 4250 934 4313 consule,
952 4249 1244 4318 iterumque
1278 4253 1515 4319 Pompeii

1593 2206 1649 2249 et
1671 2200 1890 2250 Caesaris
1915 2199 2070 2250 bello.
2102 2200 2167 2250 In
2189 2204 2367 2249 nostro
2388 2212 2513 2248 vero
2536 2212 2650 2249 oevo

1592 2278 1733 2325 circa
1748 2276 2075 2338 veneficium,
2092 2290 2192 2340 quo
2210 2271 2652 2326 Claudiudcaesar

1591 2350 1864 2414 imperium
1906 2350 2120 2415 reliquit
2159 2349 2388 2399 Domitio
2429 2350 2650 2412 Neroni,

1594 2440 1655 2476 ac
1691 2426 1879 2476 deinde
1910 2425 2208 2492 principatu
2248 2427 2357 2491 ejus
2396 2425 2651 2477 assiduum

1593 2518 1759 2568 prope
1783 2519 1844 2554 ac
1858 2504 2096 2554 'saevum'
2560 2496 2566 2501 ’

1656 2580 1799 2630 Plin.¹
1816 2580 1909 2630 lib.
1929 2593 2007 2631 ιι.
2030 2584 2113 2630 87.
2161 2581 2177 2609 ‘
2202 2580 2266 2629 In
2287 2595 2368 2643 eo,
2396 2578 2533 2644 quod
2566 2594 2651 2629 ca-

1591 2662 1688 2719 put
1716 2663 1952 2707 extorum
1983 2664 2189 2721 vocant,
2207 2672 2407 2720 magnae
2428 2658 2654 2706 varieta-

1592 2737 1693 2782 tes.
1742 2734 1818 2783 M.
1842 2734 2092 2782 Mareello
2119 2733 2261 2781 eirca
2275 2738 2513 2794 mortem,
2533 2746 2651 2781 eum

1591 2808 1751 2872 periit
1781 2809 1846 2858 ab
1887 2808 2165 2871 Annibale,
2202 2806 2369 2858 defuit
2410 2807 2463 2856 in
2498 2807 2653 2859 extis.

1592 2885 1843 2950 Sequenti
1865 2885 2053 2934 deinde
2070 2885 2175 2947 die,
2199 2885 2453 2948 geminum
2477 2898 2656 2948 reper-

1595 2966 1704 3011 tum
1740 2968 1838 3011 est.
1907 2960 2095 3011 Defuit
2129 2968 2185 3010 et
2224 2962 2284 3011 C.
2309 2960 2498 3023 Mario,
2532 2972 2652 3011 cum

1593 3036 1884 3087 immolaret
1905 3037 2104 3087 Uticae:
2132 3038 2263 3086 'item
2280 3036 2407 3086 Caio
2430 3036 2652 3101 principi

1596 3113 1848 3163 Kalendis
1870 3115 1904 3165 J
1908 3129 1991 3164 an.
2009 3129 2124 3164 cum
2145 3115 2303 3163 iniret
2315 3114 2653 3177 consulatum,

1598 3202 1700 3253 quo
1744 3204 1878 3238 anno
1923 3188 2230 3239 interfectus
2267 3195 2382 3238 esta
2436 3188 2652 3238 Claudio

1596 3266 1880 3315 successori
1920 3265 2051 3328 ejus,
2075 3279 2176 3330 quo
2198 3278 2374 3315 mense
2404 3266 2652 3315 interem-

1592 3347 1679 3390 tus
1698 3347 1780 3390 est
1796 3341 2032 3391 veneno?
2468 3364 2475 3369 -

1602 3440 1609 3447 ν
1656 3423 1683 3456 Ρ
1715 3416 1836 3477 Igne
1855 3416 2028 3465 coelesti
2048 3414 2229 3478 arsere]
2261 3416 2457 3466 Similia
2480 3362 2652 3478 prodi-

1596 3490 1682 3554 gia
1703 3495 1903 3540 notata
1920 3491 2111 3554 passim
2130 3491 2300 3555 Livio,
2327 3490 2417 3540 lib.
2439 3488 2652 3540 xxxn‘r.

1594 3567 1610 3594 ‘
1636 3565 1722 3616 Ad
1742 3566 1975 3615 Monetae·
2003 3566 2215 3616 duarum
2246 3569 2508 3617 hastarum
2548 3567 2655 3631 spi-

1595 3643 1712 3692 cula
1733 3649 1981 3694 arserant.
1982 3643 2003 3677 ’·
2048 3645 2118 3693 Et
2146 3657 2306 3694 xun.
2361 3643 2377 3671 ‘
2401 3643 2654 3707 Fregellis

1592 3720 1646 3771 in
1681 3719 1834 3770 domo
1871 3722 1930 3770 L.
1952 3718 2105 3770 Atrei
2126 3721 2345 3784 hastam,
2358 3735 2513 3785 quam
2544 3720 2654 3771 filio

1595 3794 1747 3845 militi
1767 3802 1984 3884 emerat,
2016 3794 2256 3845 incendio
2280 3797 2394 3859 plus
2417 3796 2551 3847 duas
2565 3796 2654 3846 ho-

1594 3885 1678 3920 ras
1703 3872 1908 3935 arsisse,
1940 3871 2018 3921 ita
2038 3880 2097 3921 ut
2132 3872 2261 3921 nihil
2283 3873 2392 3973 ejus
2419 3871 2656 3923 ambure-

1595 3952 1678 3994 ret
1697 3945 1865 4012 ignis!
2182 3972 2188 3978 ·
2232 3964 2237 3975 ·
2494 3958 2499 3969 ·
2537 3972 2541 3976 -

1657 4022 1853 4086 Arsen]
1888 4024 2024 4074 Plin.
2048 3975 2136 4076 lib.
2160 4040 2223 4075 rr.
2244 4030 2329 4076 87.
2360 4027 2377 4054 ‘
2396 4026 2517 4076 Vidi
2532 4040 2656 4077 noc·

1596 4100 1766 4149 turnis
1788 4100 2007 4150 militum
2029 4102 2236 4165 vigiliis,
2254 4102 2504 4151 inhaerere
2536 4101 2654 4164 pilis

1595 4190 1691 4240 pro
1716 4177 1851 4226 vallo
1873 4175 2127 4240 fulgorem
2149 4176 2320 4241 effigie
2342 4193 2422 4229 ea.
2479 4172 2545 4225 Et
2565 4188 2655 4225 an·-

1596 4253 1767 4304 tennis
1808 4253 2180 4318 navigantium,
2201 4255 2416 4319 aliisque
2448 4253 2654 4304 navium
