3100 4925
276 465 286 470 ⁶
392 441 539 504 Jcss·
559 440 689 506 6⁸01».
706 439 726 476 ²

2420 415 2591 488 m

399 595 553 648 eum
592 580 927 666 appellare
952 578 1189 665 solitus
1215 577 1307 641 sit
1326 596 1348 640 ε
1406 594 1628 640 verum
1657 572 2054 664 Agrippina,
2091 574 2276 666 fratri
2300 576 2592 666 ejus-1¹32

400 684 652 752 Silano·
691 702 922 748 necem
957 680 1209 756 molita,
1238 679 1507 742 ultorem
1537 678 1889 753 metuebat,
1916 678 2150 741 crebra
2176 678 2353 760 vulgi
2383 679 2584 761 fama,

398 790 422 822 ‘
450 783 970 874 anteponendum
1000 802 1149 846 esse
1168 772 1297 844 'vix
1326 781 1482 843 dum
1517 773 1874 861 pueritiam
1902 797 2162 859 egresso
2195 778 2500 858 Neroni‚f
2519 786 2587 846 et

399 887 757 971 Imperium
787 905 906 967 per
930 883 1148 948 scelus
1179 881 1473 964 adepto‚⁸
1521 881 1740 942 virum
1783 883 1977 943 aetate
2015 879 2437 962 composita,¹¹
2484 863 2582 946 in-

1082 431 1494 490 annulum
1541 430 1691 479 mn.
1736 428 1912 480 xur.

398 1035 694 1113 conuenerit·
708 1065 855 1099 ovem
876 1062 1100 1097 auream.
1155 1047 1250 1095 Sed
1269 1044 1556 1109 Agrippino,
1576 1058 1680 1107 quoe
1697 1047 1895 1091 mortem
1912 1046 2163 1105 paraverat
2181 1042 2241 1092 L.
2261 1026 2585 1105 Silonofrotri

394 1115 543 1183 illius,
566 1131 683 1165 eum
705 1114 930 1163 vindicem
939 1109 1250 1175 formidabat,
1265 1124 1329 1159 ex
1338 1109 1587 1172 frequenti
1601 1107 1751 1170 plebis
1765 1121 1964 1167 rumore,
1984 1121 2087 1171 quo
2111 1106 2436 1172 vulgabatur,
2454 1123 2583 1172 pm.

396 1179 666 1261 i‘ere‘ndum
704 1192 815 1232 esse
848 1177 1065 1241 Neroni,
1102 1176 1190 1240 qui
1222 1173 1311 1225 vix
1347 1187 1414 1222 ex
1451 1172 1665 1238 ephebis
1678 1238 1683 1244 q
1696 1176 2006 1237 excesserat,
2029 1176 2085 1220 et
2120 1171 2464 1236 principatum
2487 1188 2583 1239 pes

1331 1290 1625 1313 OOOOOOOOO
1628 1289 1686 1310 Ν

463 1389 494 1433 8
526 1382 615 1434 Ita
647 1381 966 1432 Puteolanus
1000 1383 1057 1427 et
1089 1378 1218 1429 Mss.
1253 1377 1402 1427 Harl.
1434 1375 1589 1427 Bodl.
1610 1376 1720 1428 Jes.
1786 1374 1850 1424 In
1872 1372 2097 1424 editione
2117 1372 2353 1439 principe
2375 1380 2431 1425 et
2453 1375 2582 1430 Mas.

399 1447 555 1498 Corb.
578 1448 712 1510 Reg.
738 1446 795 1496 G.
814 1444 994 1494 Silano.
1774 1453 1781 1464 ν
2440 1455 2445 1462 -

1381 1550 1598 1604 NOTAE

386 1671 446 1738 >ej
453 1684 510 1722 us
526 1667 973 1731 existimationem,
985 1679 1102 1716 eum
1116 1680 1245 1715 ovem
1256 1678 1465 1715 auream*

402 1748 652 1813 appellat.
718 1744 846 1798 Quis
904 1744 1026 1795 talia
1086 1743 1273 1791 Dionis
1326 1740 1450 1790 satis

398 1824 675 1877 conciliet?

460 1904 619 1965 Puto,
654 1902 766 1950 liaec
809 1899 1046 1948 hauserat
1088 1912 1153 1946 ex
1183 1896 1361 1945 Tacito
1393 1899 1448 1944 et

398 1983 747 2041 excerpserat,
782 1981 838 2024 et
876 1980 1054 2037 postea
1092 1970 1447 2035 componendo

399 2067 527 2117 opus
566 2066 730 2113 sunm,
756 2063 934 2114 parum
971 2062 1164 2096 memor
1197 2046 1447 2108 historias,

401 2133 491 2177 aut
526 2141 703 2176 sensus
722 2124 916 2186 Taciti,
936 2125 1049 2173 haec
1073 2136 1169 2186 pro
1189 2137 1279 2171 suo
1297 2121 1448 2170 libito

399 2210 457 2254 et
493 2201 597 2252 fide
633 2202 823 2251 Graeca
861 2199 1092 2262 invertit,
1109 2206 1170 2249 ut
1202 2199 1447 2264 pleraque

394 2280 514 2332 alia.

451 2352 535 2406 'Et
556 2356 692 2420 quod
708 2354 834 2404 dicit
850 2353 1076 2419 Lipsius,
1094 2367 1194 2402 non
1217 2351 1447 2416 potuisse

396 2431 620 2483 fastidiri
649 2433 707 2481 L.
729 2432 953 2481 Silanum
991 2428 1249 2494 prioribus
1288 2426 1447 2477 domi-

396 2508 701 2570 nationibus,
716 2508 767 2555 id
788 2507 1128 2556 falsissimum.
1180 2505 1314 2554 Nam
1337 2518 1446 2553 cer-

399 2592 453 2635 te
475 2598 637 2649 nepos
660 2583 897 2646 Augusti,
926 2594 1247 2647 quacumque
1271 2576 1446 2641 aetate,

397 2659 443 2711 si
464 2659 585 2710 ovili
615 2658 818 2721 ingenio
839 2655 958 2720 fuit,
987 2655 1160 2721 sperni
1184 2655 1446 2703 dominan-

397 2736 552 2799 tibus,
572 2732 632 2784 ut
647 2740 753 2784 tum
776 2748 859 2782 res
876 2738 1041 2794 erant,
1060 2731 1242 2780 debuit
1264 2744 1324 2778 ac
1343 2743 1447 2777 me·

395 2811 519 2862 ruit.
575 2809 768 2859 Nobiles
800 2807 935 2856 omni
976 2811 1152 2869 aetate,
1190 2805 1232 2852 si
1264 2803 1444 2867 primae

395 2885 631 2937 infantiae
668 2884 827 2934 annos
864 2882 1079 2945 excipis,
1102 2881 1329 2944 expositi
1370 2880 1444 2928 in-

396 2960 560 3027 geniis
577 2965 634 3011 et
656 2958 859 3022 linguis,
877 2972 938 3007 ac
956 2970 1160 3020 semper
1178 2954 1444 3018 conspicui

395 3042 535 3088 sunt.

452 3108 695 3161 Pecudem
713 3106 925 3169 auream]
959 3107 1117 3169 Puto,
1132 3120 1235 3155 non
1256 3101 1444 3155 intelli-

398 3201 521 3254 gere
543 3186 759 3249 praecise
779 3198 924 3243 ovem,
964 3182 1054 3231 sed
1077 3193 1446 3247 quamcumque

388 3264 618 3329 pecudem·
634 3260 688 3310 in
721 3271 943 3322 genere:
977 3257 1075 3306 nisi
1108 3255 1244 3305 forte
1267 3255 1448 3304 alluse-

395 3339 468 3390 rit
498 3339 562 3387 ad
586 3337 799 3388 arietem
831 3336 971 3384 illum
999 3333 1194 3397 Phryxi
1213 3333 1450 3381 decanta-

395 3422 526 3478 tum,
549 3430 639 3464 seu
672 3414 837 3464 vellus
880 3426 1110 3474 aureum,
1154 3410 1221 3460 ob
1244 3409 1448 3459 dlvitias

394 3488 572 3543 Silani.
1426 3489 1429 3492 ’

397 3630 401 3635 p
462 3568 695 3616 Pet-adem
709 3563 920 3626 aureum]
943 3563 1004 3612 In
1019 3557 1347 3627 Apophtheg.
1360 3571 1446 3611 m.

391 3648 445 3695 8.
531 3644 791 3707 Diogenes
845 3641 1063 3705 Cynicus
1086 3656 1099 3687 τ
1166 3639 1181 3665 ‘
1217 3636 1448 3686 Divitem

396 3720 654 3786 quendam
701 3717 982 3779 indoctum,
1030 3715 1120 3765 sed
1177 3712 1449 3779 splendide

394 3795 662 3859 vestitum,
675 3791 976 3857 χρυσόμηλον
1007 3790 1320 3855 appellabat,
1348 3790 1447 3838 hoc

395 3876 498 3934 cst,
519 3885 667 3920 ovem
689 3866 1073 3918 aiu-covellere.
1149 3866 1284 3915 Nam
1307 3865 1449 3912 ‘tales

393 3944 572 4007 fuisse,
587 3944 847 4009 proditum
869 3948 925 3993 et
948 3959 980 3992 a
1002 3941 1201 4004 Poetis,
1236 3940 1323 4003 qui
1358 3938 1452 3987 mi-

394 4022 589 4072 nimum
610 4020 844 4070 valerent
863 4018 1089 4082 ingenio,
1116 4015 1281 4065 ovillis
1300 4012 1450 4062 mori-

395 4097 494 4148 bus
545 4096 705 4146 etiam
743 4093 1039 4159 proverbio
1106 4086 1449 4140 dicebantur!

397 4174 522 4225 Huc
543 4171 808 4223 alludebat
822 4210 828 4215 .
842 4182 1002 4234 prave
1022 4167 1175 4217 dicax
1197 4165 1451 4228 Caligula,

398 4247 491 4301 sed
511 4262 632 4299 mox
651 4247 707 4310 ip
726 4245 942 4297 exitium
962 4243 1118 4294 vertit
1136 4240 1240 4306 ipsi
1266 4237 1452 4291 dicaci·

1527 1682 1625 1727 tas.

1588 1758 1610 1784 ⁸
1630 1751 1690 1802 L.
1712 1751 1899 1814 Silano]
1920 1749 2175 1800 Convenit
2196 1764 2314 1801 cnm
2334 1750 2578 1804 historia:

1526 1831 1700 1875 tamen
1723 1826 1845 1875 libri
1866 1826 2064 1890 scripti,
2088 1827 2145 1875 C.
2171 1825 2352 1875 Silano.
2405 1827 2557 1891 Lips.

1590 1902 1650 1953 L.
1672 1900 1867 1963 Silano]
1925 1901 2047 1965 Ipse
2068 1906 2169 1963 est,
2204 1902 2286 1951 cui
2307 1902 2473 1965 primo
2492 1904 2582 1953 de·

1528 1991 1713 2042 sponsa
1736 1975 1907 2025 fuerat
1929 1975 2148 2026 Octavia
2171 1976 2278 2025 filia
2301 1977 2504 2030 Claudii
2526 1984 2584 2034 et

1529 2052 1861 2112 Messallina½
1883 2050 1973 2100 sed
1994 2066 2126 2114 eum,
2149 2052 2345 2101 artibus
2366 2051 2583 2116 Vitellii,

1528 2127 1828 2178 deturbavit
1851 2142 1914 2177 eo
1935 2127 2257 2177 matrimonio
2278 2126 2584 2193 Agrippina,

1529 2209 1586 2253 et
1605 2203 1722 2254 ideo
1744 2209 1960 2252 mortem
1980 2203 2058 2252 die
2075 2203 2347 2266 nuptiarum
2373 2202 2583 2268 (nempe

1529 2277 1733 2328 Claudii
1783 2284 1840 2327 et
1882 2276 2208 2342 Agrippinae)
2257 2276 2453 2327 Silanus
2490 2278 2583 2327 siba·

1523 2357 1763 2408 conscivit.
2484 2341 2487 2346 ’

1591 2432 1614 2466 f
1647 2433 1744 2484 Vix
1763 2434 1876 2482 dum
1892 2430 2147 2496 pueritiam
2168 2445 2349 2494 egresso
2371 2429 2580 2496 Neroni]

1525 2514 1613 2564 Sic
1643 2529 1797 2577 supra
1833 2514 1867 2562 l.
1887 2525 1988 2562 ιιι.
2024 2515 2105 2560 25.
2144 2510 2159 2537 ‘
2182 2510 2401 2561 Biennio
2419 2509 2581 2573 majo-

1528 2606 1637 2641 rem
1672 2597 1794 2639 natu
1833 2587 2120 2639 Domitium
2150 2585 2255 2635 filio
2277 2584 2582 2648 anteponit?

1528 2669 1599 2716 Et
1621 2666 1757 2715 infra
1776 2668 1874 2715 boc
1890 2663 1928 2713 l.
1952 2675 2076 2713 xm.
2098 2667 2146 2712 6.
2177 2660 2193 2688 ⁴
2216 2661 2469 2723 Princeps
2491 2657 2581 2709 vix

1526 2741 1894 2805 septemdecim
1930 2753 2090 2788 annos
2127 2740 2390 2800 egressus?
2453 2737 2581 2784 Pae-

1522 2820 1642 2868 raia
1663 2808 1832 2866 autem
1857 2813 2231 2880 appellabatur,
2263 2811 2427 2861 donec
2458 2825 2581 2872 ργα-

1523 2899 1707 2943 textam
1729 2896 1996 2952 exuerent,
2031 2894 2086 2937 et
2122 2888 2175 2936 in
2199 2888 2334 2936 viros
2357 2885 2582 2936 ascribe-

1524 2976 1720 3032 rentur,
1752 2981 1939 3031 nempe
1963 2965 2161 3015 decimo
2195 2964 2375 3029 quinto
2412 2961 2581 3012 aetatis

1525 3061 1657 3105 anno
1681 3050 1854 3107 coepto
1879 3043 1960 3092 vel
1981 3039 2146 3090 finito.

1589 3128 1616 3164 s
1646 3119 1898 3183 Imperium
1915 3132 2004 3179 per
2018 3117 2165 3165 scelus
2180 3113 2370 3177 adepto]
2432 3113 2577 3179 Suet.
2615 3102 2619 3109 ’

1524 3195 1653 3245 Ner.
1675 3197 1756 3243 33.
1775 3193 1790 3219 ‘
1815 3190 2102 3242 Parricidia
2124 3194 2178 3238 et
2198 3189 2369 3240 caedes
2387 3204 2417 3238 a
2433 3189 2584 3241 Clau·

1526 3270 1610 3320 dio
1634 3282 1844 3319 exorsus
1860 3274 1973 3316 este
2028 3266 2171 3328 cujus
2193 3265 2334 3314 necis
2354 3265 2455 3323 etsi
2477 3256 2582 3314 non

1526 3353 1723 3408 auctor,
1744 3349 1800 3393 at
1823 3340 2056 3393 conscius
2081 3339 2213 3390 fuit:
2248 3354 2414 3404 neque
2437 3338 2581 3388 dissi-

1524 3422 1799 3482 mulanter,
1830 3417 1891 3467 ut
1926 3416 2014 3481 qui
2038 3415 2257 3482 boletos,
2277 3414 2329 3462 in
2352 3427 2454 3478 quo
2476 3411 2582 3461 cibi

1526 3509 1715 3560 genere
1753 3505 2002 3543 venenum
2040 3491 2081 3538 is
2121 3494 2418 3552 acceperat,
2439 3487 2583 3552 quasi

1526 3574 1760 3622 Deorum
1814 3568 2004 3628 cibum,
2056 3563 2268 3629 posthac
2309 3562 2582 3627 proverbio

1528 3647 1717 3696 Graeco
1739 3641 2119 3695 collaudaresit
2139 3636 2355 3687 solitus.’

1592 3721 1823 3786 Intelligi
1871 3720 2026 3769 etiam
2075 3717 2257 3781 possit,
2295 3716 2581 3769 obtinuisse

1526 3798 1793 3862 imperium
1828 3809 1921 3859 per
1953 3794 2120 3845 scelus
2147 3793 2327 3843 matris
2346 3791 2581 3842 aliorum-

1527 3888 1628 3940 que
1650 3873 1930 3922 fautorum.

1591 3947 1616 3981 ¹³
1661 3949 1828 3997 AEtots
1857 3944 2130 4008 composita]
2194 3942 2583 4008 Experientiam

1529 4025 1939 4088 sapientiamque
1978 4020 2238 4082 intelligit,
2260 4033 2375 4085 qum
2411 4017 2583 4082 pueris

1527 4114 1631 4150 non
1653 4100 1825 4160 datur,
1846 4102 2158 4161 aetatemque
2177 4091 2380 4159 imperii
2403 4103 2582 4158 geren·

1528 4175 1585 4226 di
1603 4187 1867 4240 capacem.
