3100 4925
547 359 726 442 lm
1264 373 1331 422 c.
1355 370 1741 436 ,οοιιιιιιιιι
1783 370 2069 422 uerri.
2423 377 2519 445 [Α.
2540 379 2612 436 ιι,
2634 383 2763 445 01¹-

542 520 713 596 cias,
766 515 886 601 qui
935 534 1056 600 pro
1106 515 1406 581 P1aetore
1453 521 1570 579 aut
1599 512 1891 578 Consule
1935 518 2177 593 essent,
2214 516 2393 601 jura
2427 516 2761 586 adversus

539 619 934 705 publicanos
959 623 1149 682 extra
1177 615 1471 680 ordinem
1502 616 1877 680 redderent·
1860 624 1920 652 ·‘
1961 616 2283 682 militibus
2330 614 2781 704 immunitasd.

541 725 925 796 servaretur,
953 718 1083 782 nisi
1107 719 1176 781 in
1200 718 1308 794 iia,
1326 736 1480 801 quae
1512 736 1682 781 veno
1704 716 2133 786 exercerent?
2199 716 2492 804 Aliaque
2520 699 2762 784 admo-

544 819 704 885 dum
755 839 973 902 aequa,
1031 838 1182 903 quae
1229 812 1414 882 bre'vi
1462 823 1755 897 servata,
1810 816 1964 881 dein
2008 818 2249 884 frustra
2301 819 2534 904 habita
2575 827 2779 886 sunt..

553 918 789 987 Manet
833 926 1058 986 tamen
1098 919 1375 985 abolitio
1405 916 1928 1003 quadragesimae
1945 926 1964 956 ¹
2008 919 2767 1006 quinquagesimaeque:

549 1107 687 1163 seut,
700 1101 788 1176 jus
809 1099 1098 1151 redderent
1113 1105 1299 1151 contra
1320 1098 1620 1164 publicanos
1637 1105 1790 1177 extra
1808 1099 2068 1163 ordinem3
2091 1102 2318 1152 exemtio
2337 1101 2491 1152 militi
2504 1107 2766 1166 maneret,

548 1166 648 1215 nisi
670 1166 758 1214 in
745 1165 808 1214 iis
828 1181 945 1230 quae
969 1166 1272 1222 venderent.
1338 1165 1544 1227 Aeiaqee
1579 1164 1788 1214 κωπίω
1809 1165 1962 1225 just«,
1991 1138 2096 1241 qn’ae
2130 1166 2261 1215 breui
2296 1167 2556 1242 obtinuere,
2592 1172 2765 1228 posteo

546 1235 705 1294 spreta
725 1235 855 1280 suat.
919 1231 1083 1281 Durat
1105 1234 1263 1279 tumen
1293 1228 1487 1278 abolitio
1518 1229 1891 1293 quadragesim
1921 1229 1970 1278 e}
2007 1227 2418 1293 quinquagesimae,
2449 1245 2637 1294 quicqu
2658 1232 2764 1280 alia

1479 1395 1536 1417 Ο,
1540 1394 1805 1418 θθθθθθθ

615 1517 644 1563 1
680 1511 764 1562 Sic
789 1511 923 1562 bene
945 1508 1282 1563 Puteolanus.
1347 1512 1634 1576 perperam
1670 1512 1724 1562 in
1762 1511 1994 1563 editione
2015 1512 2254 1577 principe
2276 1512 2407 1563 etin
2430 1512 2560 1563 Μαι.
2579 1511 2767 1566 Vatic

552 1580 696 1626 186⁸.
722 1581 869 1626 1864.
890 1583 946 1625 et
969 1581 1113 1626 1968.
1139 1590 1231 1639 pro
1266 1577 1655 1653 quadragena-a,
1692 1577 1945 1640 seriptum
1980 1577 2499 1641 quadringente-sime.
2542 1577 2604 1625 Iu
2626 1578 2764 1627 Mas.

550 1640 702 1691 Harl.
724 1642 877 1691 Bodl.
899 1642 1010 1692 Jes.
1029 1640 1487 1716 quadragintesimoe.
1554 1640 1995 1754 Quinquagesima
2011 1649 2184 1690 autem
2206 1641 2297 1691 illa
2315 1639 2457 1690 forte
2477 1638 2580 1689 fuit
2600 1655 2762 1690 vena-

547 1704 672 1754 lium
706 1703 1009 1753 eduliorum.
1076 1704 1141 1756 Id
1175 1704 1311 1753 enim
1332 1704 1618 1766 portorium
1642 1711 1917 1755 iunxerat
1939 1703 2192 1769 Caligula.
2258 1705 2320 1754 In
2345 1704 2565 1767 gratim
2586 1704 2764 1768 plebis

547 1768 814 1818 remissum
832 1767 989 1818 fuisse
1011 1768 1210 1818 macelli
1236 1769 1522 1832 portorium
1546 1774 1770 1818 testatur
1790 1767 1993 1818 Plinius
2016 1770 2381 1819 xxx.1·1.‘1·:x
2412 1769 2563 1818 horto
2582 1769 2765 1832 plebei

547 1833 1074 1909 macellum—Itaque
1095 1822 1308 1882 hercule
1331 1832 1523 1881 nullum
1538 1833 1741 1883 macelli
1765 1833 1984 1895 vectigal
2007 1833 2170 1896 majus
2193 1831 2290 1882 fuit
2314 1834 2513 1893 Rornae,
2530 1832 2763 1882 clamore

548 1896 749 1959 plebis·
735 1897 1015 1946 incusantis
1033 1896 1171 1960 apud
1194 1910 1368 1946 omnes
1386 1897 1677 1961 Principes,
1698 1897 1864 1948 donec
1884 1897 2151 1974 remissum
2168 1903 2248 1947 est
2266 1897 2551 1986 portorium
2568 1897 2765 1947 mercis

1543 2016 1763 2066 NOTAE

618 2152 640 2182 e
664 2146 826 2197 Extra
842 2142 1052 2197 ordinem
1070 2144 1343 2211 redderent]
1408 2148 1505 2212 Est
1526 2146 1616 2214 qui
1696 2155 1780 2196 res
1818 2145 2256 2213 quadragesimam
2291 2147 2570 2212 publicano
2598 2147 2768 2200 debe-

555 2224 631 2273 sic
663 2224 950 2288 intelligat:
984 2239 1190 2288 nempe,
1217 2226 1277 2275 ιιὶ
1307 2225 1396 2289 jus
1435 2223 1618 2274 redde-

556 2306 676 2350 rent
697 2300 1020 2364 magistratus
1035 2296 1277 2350 adversus
1299 2293 1620 2364 publicanos,

556 2367 694 2424 omni
739 2381 991 2439 tempore,
1043 2376 1182 2425 omni
1235 2382 1516 2439 momento,
1559 2382 1618 2425 ut

555 2464 743 2515 nempe
761 2452 1024 2515 extemplo
1041 2451 1418 2503 controversias
1434 2451 1618 2516 dijudi-

556 2534 764 2588 careut3
817 2541 887 2575 ne
923 2527 1092 2576 litium
1145 2528 1461 2590 aeternitate,
1500 2543 1616 2592 quae

554 2603 704 2667 pejor
740 2603 878 2652 omni
916 2601 1130 2665 tributo,
1159 2608 1411 2650 vexarent
1450 2602 1617 2652 adhuc

556 2679 745 2743 socios,
781 2679 1238 2742 absterrerentque
1280 2692 1312 2728 a
1353 2678 1618 2751 tribunali-

557 2756 669 2809 bus.

622 2835 786 2884 Extra
827 2833 1059 2896 ordinem]
1128 2833 1371 2882 Breviter
1413 2846 1620 2897 nempe,

451 2914 462 2923 ⁰
560 2911 700 2975 quod
726 2910 985 2974 Hispanus
1008 2910 1277 2972 Inter-pres
1302 2909 1479 2970 vertit,
1497 2924 1623 2957 sum-

558 2984 885 3045 mai-iumento,
921 2997 1105 3046 nempe
1150 2997 1252 3030 non
1296 2985 1502 3032 servato
1541 2997 1622 3032 or-

559 3059 700 3121 dine,
738 3074 827 3109 seu
848 3059 1005 3121 longa
1029 3065 1085 3107 et
1127 3059 1322 3107 solenni
1347 3058 1509 3107 forma
1532 3059 1622 3122 ju-

560 3135 832 3185 diciorum.

622 3211 787 3260 Extra
802 3210 1036 3276 ordinem]
1102 3209 1260 3262 Omni
1281 3212 1396 3262 loco
1418 3218 1472 3263 et
1492 3219 1622 3265 tem·

557 3299 719 3350 pore3
755 3300 924 3351 neque
962 3287 1181 3353 servatis
1203 3284 1383 3335 formis
1409 3303 1523 3351 quae
1567 3288 1620 3335 in

559 3362 674 3412 aliis
697 3362 883 3424 causis,
902 3369 993 3411 aut
1015 3362 1172 3412 etium
1196 3361 1512 3426 criminibus,
1534 3361 1622 3412 ob·

560 3444 848 3491 servantur.
945 3484 950 3491 .

623 3512 647 3546 ‘¹
671 3513 915 3563 Militibus
935 3514 1229 3578 immunitas]
1278 3515 1354 3564 Ut
1377 3514 1624 3566 militibus

558 3587 858 3640 immunitas
895 3599 1193 3640 servaretur
1211 3606 1364 3655 :qua
1392 3592 1621 3654 vectiga-

559 3665 696 3719 libus
719 3680 821 3716 non
861 3668 1188 3732 tenebantur,
1226 3667 1324 3716 nisi
1346 3665 1413 3716 de
1438 3666 1499 3715 iis
1541 3681 1622 3715 re-

560 3739 655 3791 bus
710 3754 837 3804 quas
891 3743 1098 3790 venales
1146 3741 1417 3791 haberent.
1496 3737 1622 3791 Vena

562 3820 733 3865 autem
758 3814 955 3865 dictum
977 3822 1079 3878 est,
1102 3822 1161 3865 ut
1183 3814 1337 3881 infra,
1364 3818 1521 3881 posita
1548 3833 1624 3866 ve-

561 3905 636 3942 no.
703 3891 995 3940 Ferrettus.

640 3973 663 4000 ⁸
699 3965 1085 4027 Quadrageaimoe
1125 3966 1626 4037 quinquagesimaeque]

562 4042 861 4094 Portorium
900 4042 955 4091 id
975 4040 1078 4093 fuit
1117 4044 1432 4107 explicatum
1465 4044 1625 4097 Quin-

561 4117 750 4179 tiliano
793 4118 845 4167 in
887 4116 1054 4182 parte,
1090 4119 1360 4169 declamat.
1405 4132 1623 4170 cccnrx.

567 4195 585 4223 ⁸
608 4194 816 4247 Praeter
836 4195 1182 4248 instrumenta
1203 4195 1428 4260 itineris,
1448 4211 1626 4247 omnes

1697 2222 1823 2272 ant.’

1760 2296 1866 2347 Sed
1906 2297 2118 2368 abolitio
2158 2300 2274 2350 haec
2313 2300 2613 2350 Neroniana
2656 2314 2768 2349 non

1697 2373 1860 2424 firma.
1930 2367 2089 2425 ‘Certe
2110 2376 2402 2440 Symmachi
2425 2389 2538 2425 aevo
2570 2376 2765 2425 iterum

1699 2452 1922 2518 praebita
1957 2451 2376 2519 quadragesima:
2420 2458 2480 2503 ut
2517 2451 2697 2502 discas
2733 2467 2767 2502 e

1698 2528 1733 2578 l.
1769 2542 1826 2578 v.
1861 2529 2017 2592 epist.
2069 2530 2086 2557 ‘
2120 2529 2541 2593 Quadragesimae
2586 2534 2769 2591 porto-

1697 2602 1828 2651 rium
1851 2616 1954 2652 non
1979 2607 2125 2652 recte
2140 2604 2372 2666 poscitur
2390 2617 2420 2651 a
2438 2602 2768 2651 senatoribus

1697 2678 2017 2728 candidatis:
2053 2678 2174 2742 quia
2212 2678 2377 2739 nostri
2400 2677 2591 2726 ordinis
2611 2675 2769 2725 func-

1696 2754 1865 2804 tiones
1903 2754 2107 2803 onerari
2152 2754 2370 2817 geminis
2417 2752 2765 2802 incommodis

1700 2843 1804 2879 nou
1831 2836 2059 2892 oportet.
2123 2830 2317 2881 Quaeso
2355 2828 2535 2892 igitur,
2570 2834 2631 2876 ut
2667 2828 2767 2877 liu-

1700 2908 2002 2959 manitatem
2043 2908 2206 2957 nostri
2245 2906 2438 2957 ordinis
2474 2907 2765 2958 editoribus

1702 2982 1991 3047 impartias,
2057 2990 2112 3032 et
2164 2997 2398 3033 ursorum
2457 2985 2768 3035 transvecti·

1703 3073 1853 3111 onem
1893 3059 2170 3123 cupiditati
2213 3059 2500 3124 mancipum
2559 3061 2770 3110 subtra-

1701 3134 1829 3184 bas!

1766 3210 1940 3260 Etiam
1998 3211 2457 3275 quinquagesima:
2532 3212 2597 3261 de
2661 3226 2770 3276 qua

1701 3283 1869 3335 idem:
1924 3287 1940 3314 ‘
1985 3286 2285 3336 Quaestores
2356 3287 2546 3335 ordinis
2596 3287 2771 3336 nostri

1701 3373 1966 3423 nunquam
1990 3357 2214 3409 ferarum
2248 3374 2457 3410 suarum
2478 3362 2770 3425 portorium

1703 3436 2050 3485 contulerunt.
2105 3437 2259 3486 Nunc
2283 3452 2314 3485 a
2337 3436 2499 3486 fratre
2520 3452 2637 3486 meo
2663 3438 2773 3501 Cy-

1700 3511 1852 3574 negio
1871 3511 1938 3561 V.
1976 3512 2037 3561 C.
2074 3511 2511 3577 quinquagesinum
2541 3514 2772 3574 vectigal

1703 3585 1948 3649 exigitur,
1971 3585 2107 3650 quod
2132 3586 2270 3635 solos
2299 3602 2531 3637 ursorum
2565 3588 2772 3650 negoti-

1704 3666 1894 3724 atores,
1947 3663 2405 3726 utpote-quaestui
2463 3663 2779 3729 servientes,

1704 3745 1914 3809 oportet
1937 3744 2252 3803 agnoscere!

1765 3817 1848 3867 De
1868 3818 1965 3866 hac
2002 3817 2362 3881 quadragesima
2398 3816 2550 3881 capio
2586 3815 2779 3865 Sueto·

1705 3892 1847 3942 nium
1869 3893 2087 3955 Vespas.
2130 3907 2248 3954 cap.
2283 3897 2333 3942 1.
2371 3893 2388 3921 ‘
2423 3892 2593 3956 Hujus
2626 3889 2774 3941 filius

1705 3968 1972 4032 publicum
1994 3967 2400 4034 quadragesim-ae
2422 3968 2475 4016 in
2492 3967 2619 4016 Asia
2641 3968 2781 4033 egit,

1706 4040 2086 4108 manebantque
2104 4043 2352 4108 imagines
2370 4044 2461 4095 sub
2477 4044 2576 4094 hoc
2596 4038 2785 4110 titulo,

1707 4123 1878 4171 Καλῶς
1906 4119 2261 4178 remman-rr!

1769 4194 1848 4248 Ae
1878 4195 1937 4262 in
1958 4195 2178 4263 Caligul.
2199 4209 2318 4261 esp.
2338 4199 2423 4247 40.
2462 4194 2567 4247 alia
2586 4194 2779 4249 hercle
