3100 4925
828 783 948 885 C.
1052 755 1729 886 CORNELII
1833 788 2293 881 TACITI

1514 1043 1612 1089 AB

906 1224 1394 1301 Excusso
1450 1175 1692 1297 b1v1
1749 1218 2237 1296 AUGUSTI

650 1449 2492 1568 ANNALIUM

974 1727 1307 1803 LIBER
1388 1728 2153 1809 DUODECIMUS.

1311 1983 1814 1993 ἡ

1089 2163 1720 2271 BREVIARIUM
1770 2206 2088 2306 mem„

520 2362 525 2368 '
573 2356 753 2421 cn.
781 2357 847 2419 1.
875 2356 941 2421 2.
960 2356 1285 2432 Claudius
1308 2358 1391 2421 de
1411 2358 1829 2423 matrimonio
1850 2378 2003 2422 cum
2031 2358 2287 2428 libertis
2309 2356 2659 2419 deliberat.

488 2457 553 2521 3.
596 2457 993 2540 Agrippina,
1040 2456 1425 2524 Germanici
1473 2459 1691 2524 fratris
1749 2459 1898 2543 ejus
1944 2461 2108 2537 filia,
2164 2459 2319 2522 aliis
2359 2458 2665 2540 praelata,
2701 2508 2702 2514 ,

491 2558 570 2621 L.
610 2559 860 2634 Silan0‚
891 2560 1002 2625 cui
1044 2559 1389 2643 desponsa
1438 2558 1754 2635 Octavia,
1784 2560 2067 2623 insidias
2108 2562 2318 2634 struit,
2360 2563 2425 2621 4.
2455 2558 2664 2621 admi—

491 2654 698 2723 nistro
727 2659 1028 2738 Vitellio,
1051 2662 1246 2727 5-7.
1288 2662 1486 2745 cujus
1533 2662 1784 2725 artibus
1820 2660 2077 2724 inducti
2104 2659 2399 2724 Senatus
2438 2658 2666 2741 Popu-

489 2760 729 2842 lusque
755 2759 1038 2824 infames
1081 2762 1351 2844 nuptias
1389 2761 1698 2845 probant.
1784 2762 1846 2826 8.
1893 2761 2163 2825 Silanus
2211 2770 2491 2825 mortem
2538 2759 2700 2827 sibi.

492 2861 872 2925 consciscit.
927 2860 1185 2926 Seneca
1211 2863 1299 2926 ab
1329 2864 1539 2927 exilio
1569 2863 1783 2927 redux
1807 2861 2048 2927 studiis
2079 2863 2365 2928 Neronis
2395 2869 2666 2945 praeest,

495 2954 562 3025 9.
593 2982 676 3026 cu
727 2960 1183 3044 despondetur
1207 2961 1516 3027 Octavia.
2710 2988 2718 3007 ·-

580 3063 687 3125 10.
732 3061 963 3126 Parthi
994 3058 1253 3144 Regem
1285 3062 1508 3127 Roma
1536 3069 1776 3147 petunt
1805 3062 2289 3140 Meherdatem,
2318 3062 2426 3126 11.
2449 3055 2669 3144 quem,

493 3163 776 3227 missum
822 3183 859 3227 a
903 3162 1212 3241 Claudio,
1263 3162 1542 3228 Cassius
1599 3165 1665 3228 in
1710 3165 2020 3247 Regnum
2079 3165 2324 3228 ducere
2370 3158 2669 3228 conatur.

496 3265 604 3328 12.
647 3264 893 3329 Obstat
933 3264 1113 3328 fraus
1154 3263 1405 3347 Abgari
1438 3274 1506 3329 et
1533 3266 1643 3328 13.
1671 3265 1902 3330 Izatis.
1985 3266 2094 3329 14.
2135 3263 2380 3329 Victus
2415 3263 2670 3326 Meher-
2789 3310 2795 3313 -

494 3365 687 3430 dates
717 3364 994 3429 Gotarzi
1014 3365 1314 3430 traditur.
1377 3365 1540 3430 Hoc
1574 3374 1833 3431 mortuo
1865 3366 2179 3448 Regnum
2199 3365 2272 3428 in
2300 3363 2673 3447 Vononem,

497 3466 653 3529 dein
683 3464 1088 3547 Vologesem
1119 3468 1529 3531 transfertur.
1583 3468 1689 3531 15.
1715 3466 2108 3543 Mithridati,
2131 3465 2440 3547 Regnum
2471 3465 2676 3528 Ponti

499 3569 865 3650 reciperare
909 3568 1083 3644 niso,
1132 3567 1422 3631 Romani
1482 3569 1805 3633 resistunt
1854 3577 1923 3632 et
1970 3566 2179 3650 Cotys
2227 3576 2298 3630 et
2353 3567 2675 3630 Eunones.

500 3670 605 3733 16.
646 3666 840 3750 Uspe
896 3667 1056 3730 urbe
1107 3677 1333 3749 capta,
1380 3670 1489 3733 17.
1531 3669 1844 3733 Zorsines
1894 3669 2137 3733 deserit
2198 3668 2678 3737 Mithridatem,

502 3771 637 3853 qui,
689 3768 795 3834 18.
839 3769 1136 3853 supplex
1192 3768 1478 3863 Eunoni,
1533 3772 1813 3835 19-21.
1890 3792 2011 3856 per
2064 3790 2216 3835 eum
2267 3791 2308 3834 a
2369 3769 2681 3852 Principe

502 3874 769 3937 veniam
799 3871 1129 3954 impetrat,
1174 3870 1595 3957 Romamque
1628 3876 2030 3958 perducitur.

586 3975 697 4038 22.
728 3973 1122 4056 Agrippinae
1149 3975 1404 4038 artibus
1437 3975 1654 4039 Lollia
1682 3976 1919 4038 cedere
1954 3973 2162 4037 ltalia
2191 3972 2489 4056 jubetur,
2528 3969 2683 4034 Cal-

503 4077 741 4161 purnia
808 4074 1219 4158 pervertitur.
1327 4078 1436 4141 223.
1481 4077 1739 4140 Salutis
1799 4075 2167 4156 augurium.
2271 4073 2681 4136 Pomoerium

506 4178 713 4242 Urbis
741 4175 1098 4260 prolatum,
1141 4177 1249 4239 ⁶24.
1293 4187 1357 4242 et
1385 4179 1501 4260 qui
1534 4179 1690 4242 olim
1724 4176 2137 4263 protulerint.
