3100 4925
229 4164 252 4193 ς

351 577 354 580 -
388 541 860 618 accrescebatff

382 403 708 468 ‚BC-⁸83·

1101 398 1513 462 aunanmu
1539 397 1735 447 ·ι,ιιι,ι
1757 397 1939 458 xm.

2412 383 2587 451 rw

974 537 1208 605 Edixit
1256 537 1518 624 Gaesar,
1545 544 1569 575 ‘
1604 555 1729 603 ne·
1762 540 1914 622 quis
1970 537 2589 621 Magistratus-aut

384 641 808 719 Procurator,
837 639 951 725 qui
979 643 1424 724 provinciam⁴
1466 644 1804 718 obtineret,
1838 640 2290 723 spectaculum
2333 640 2587 725 gladia-

386 747 601 808 torum
649 748 766 807 aut
793 744 1100 820 serarum,
1130 747 1249 806 aut
1274 740 1470 825 quod·
1483 740 1665 805 aliud
1705 740 2029 804 ludicrum
2055 739 2312 804 ederet.’

2402 741 2588 808 Nam

390 849 543 911 ante
572 853 699 907 non
726 844 945 909 minus
974 845 1096 909 tali
1124 843 1539 928 largitione,W
1565 861 1764 926 quam
1792 839 2227 923 corripiendis
2257 842 2587 925 pecuniis,

386 1020 527 1072 batur
546 1023 690 1073 valor
710 1023 896 1073 emtori.
965 1023 1109 1072 Cavit
1130 1022 1280 1073 edicto
1295 1023 1527 1087 princeps,
1547 1036 1614 1071 ne
1635 1020 1748 1086 quis
1772 1021 2099 1084 magistratus
2141 1026 2232 1069 aut
2263 1028 2583 1088 procurator,

389 1165 491 1215 quo

388 1087 479 1152 qui
493 1088 777 1200 ¹provinciae
801 1093 1073 1151 praeesset,
1094 1087 1382 1137 celebraret
1416 1092 1679 1136 certamen
1702 1085 2064 1148 gladiatorum,
2093 1091 2182 1134 aut
2217 1084 2458 1161 ferarum,
2492 1095 2587 1138 aut

528 1165 746 1264 cumque
767 1150 911 1202 aliud
945 1152 1299 1218 spectaculum
1332 1150 1624 1200 exhiberet.
1693 1149 1878 1212 Quippe
1898 1153 2041 1197 antea
2070 1163 2164 1197 non
2184 1148 2339 1197 minus
2354 1149 2590 1200 veoeabant

388 1214 600 1265 sabditos
619 1213 1077 1281 calumniarentur,
1093 1230 1231 1278 quam
1247 1214 1460 1279 pecuniis
1489 1211 1806 1277 coi-radendis,
1828 1215 1940 1262 dum
1969 1211 2219 1262 mabiliae·
2249 1228 2307 1263 ea
2336 1214 2591 1330 largifluae

1315 1354 1668 1374 ”om-‘Onu

456 1454 489 1499 4
523 1448 667 1499 Male
699 1448 826 1498 Mas.
847 1452 905 1497 et
935 1446 1193 1499 editiones
1224 1452 1452 1507 veteres,
1478 1446 1533 1495 in
1564 1445 2089 1509 provincia.13rotier.
2159 1447 2258 1503 Qui

2296 1447 2591 1524 ,gronium

391 1512 621 1563 correxit
667 1513 832 1561 Rben.
869 1525 937 1561 ex
969 1511 1195 1574 ingenio.
1259 1509 1408 1559 Ante
1434 1480 1550 1558 erat
1584 1510 1638 1557 ia
1666 1510 1956 1585 provincias,
1989 1510 2190 1573 vitiose,
2223 1517 2280 1560 ut
2312 1512 2366 1559 in
2408 1509 2589 1564 Guelf.

395 1578 590 1627 Erunt.

657 1575 728 1625 Iu'
744 1575 880 1627 Bud.
904 1581 1022 1626 erat
1050 1576 1104 1625 ia
1120 1574 1381 1640 pruvincia,
1400 1573 1590 1624 omisso
1606 1574 1745 1635 qui..
1776 1573 1869 1623 Sic‘
1888 1583 1946 1624 et
1967 1547 2190 1624 Put'eol.
2212 1570 2424 1625 Obcrlim

1390 1702 1602 1754 No'rAE

391 1755 408 1780 k

395 1811 1047 1881 ·’οιιίαοιιιιιυαιάἰίοι·,
1067 1822 1150 1884 ξε.
1171 1820 1453 1883 inparem,

395 1896 475 1957 qe.
494 1893 803 1957 accrescebat]
865 1893 922 1943 si
935 1894 1001 1943 ab
1015 1895 1296 1945 emtoribus
1310 1894 1451 1944 dem·

394 1971 508 2018 tum
527 1971 775 2034 vectigal,
810 1959 1303 2035 venditor-ibasque
1290 1984 1452 2034 impo-

397 2045 572 2109 situm,
592 2045 847 2111 quomodo
865 2044 1142 2095 reinissum?
1160 2046 1333 2110 potius
1346 2044 1452 2095 fac·

393 2125 450 2170 ta
484 2126 565 2170 est
594 2122 813 2171 mutatio
850 2135 1209 2185 personarum,
1232 2126 1287 2171 et
1306 2121 1454 2170 nihil-

396 2196 593 2246 ominus
615 2196 855 2246 aerarium
877 2212 979 2247 non
1001 2198 1268 2246 minuitur.
1347 2213 1352 2221 ·
1379 2256 1384 2260 .

403 2273 557 2336 ·‘Ego
578 2273 651 2322 sie
675 2273 1313 2337 intelligo‚maucipiorum
1334 2287 1453 2321 vec-

395 2346 526 2411 tigal
564 2353 787 2398 emtores
821 2354 976 2398 antea
1011 2347 1246 2411 pendere
1273 2348 1451 2397 solitos

369 2418 576 2487 ’ἠίθεος
593 2422 683 2488 qui
703 2423 1008 2488 plerumque
1029 2422 1169 2472 cives
1193 2422 1431 2473 Romani.

394 2520 406 2530 ·
460 2502 606 2554 Quos
628 2500 771 2557 Nero
789 2500 1061 2551 sublevare
1085 2499 1319 2564 cupiens,
1335 2514 1454 2549 vec·

396 2576 545 2642 tigali
564 2577 882 2638 exoneravit,
899 2576 1055 2641 inque
1078 2576 1374 2627 venditores
1396 2575 1451 2624 id

396 2652 680 2716 transtulit,
724 2653 813 2718 qui
851 2652 962 2703 fere
994 2667 1172 2703 omnes
1217 2651 1454 2702 extranei

397 2735 454 2779 et
469 2728 701 2792 advena»,
713 2735 770 2778 et
792 2734 1065 2794 postquam
1088 2742 1264 2778 servos
1281 2726 1457 2777 vendi·

398 2802 613 2867 dissent,
648 2805 700 2853 in
737 2805 1029 2868 proviroeias
1064 2820 1181 2854 suas
1223 2810 1455 2854 reverte·

379 2876 621 2940 hautun
651 2879 872 2944 ideoque
902 2893 998 2942 pro
1033 2879 1194 2928 nihilo
1233 2878 1455 2928 duceba-

398 2961 502 3016 tur,
524 2954 652 3004 illud
675 2968 803 3003 onus
823 2955 899 3003 eis
919 2953 1300 3017 superaddere.-

427 3050 434 3057 ·
464 3030 568 3080 Sed
611 3044 729 3079 eum
769 3031 846 3091 bi,
877 3044 941 3079 ea
978 3030 1046 3079 de
1083 3043 1268 3093 causa,
1288 3029 1458 3078 carius

398 3104 658 3167 mancipia
685 3103 990 3167 venderent,
1010 3103 1242 3153 remissio
1271 3104 1460 3167 princi-

397 3180 484 3247 ple
506 3180 658 3229 irrita
679 3179 962 3230 emtoribus
974 3140 1160 3228 'fiebat
1195 3179 1424 3228 Picbeua.

463 3263 500 3290 v
522 3257 633 3306 Noa
653 3257 809 3306 miuus
832 3255 921 3304 tali
941 3253 1218 3317 largitione]
1259 3253 1457 3317 Primo,

389 3332 703 3397 affligebant
725 3327 1348 3396 subjectos‘eorripiendis
1370 3343 1458 3392 pe-

399 3409 566 3460 cuniis
586 3423 681 3472 per
699 3406 781 3457 fas
805 3414 862 3456 et
891 3405 1071 3456 nefas·
1056 3443 1071 3468 ,
1106 3405 1227 3455 dein
1244 3420 1347 3455 non
1370 3405 1458 3454 mi-

398 3500 496 3536 nus
519 3486 616 3536 tali
652 3484 927 3548 largitione
948 3482 1104 3532 etiam
1125 3495 1224 3531 eos
1248 3481 1458 3530 divexe-

397 3560 545 3624 bant,
556 3562 677 3611 dnm
692 3574 878 3625 nempe
892 3559 1111 3610 ederent
1127 3556 1455 3621 spectacula3

395 3650 518 3687 nam
540 3638 654 3686 illos
691 3637 766 3686 sic
801 3635 1135 3697 demerendo,
1172 3633 1458 3696 ambiendo,

399 3702 793 3777 prensandoque
822 3709 1232 3775 pmpollentium
1255 3709 1456 3772 provin·

399 3786 610 3839 ciallum
634 3785 894 3851 suffragia,
913 3793 1005 3837 aut
1025 3786 1184 3838 etiam
1216 3785 1358 3848 vulgi
1381 3783 1457 3833 fa-

398 3874 575 3915 vorem
620 3862 718 3912 sibi
772 3862 1113 3925 conciliando,
1167 3874 1458 3925 propugna-

399 3940 543 4004 bant,
576 3926 695 4005 qu'ae
733 3944 854 3990 ante
886 3939 1118 4004 libidine,
1146 3936 1363 3996 saevitia,
1401 3943 1456 3986 et

397 4016 620 4067 avaritia
642 4021 1007 4080 peccaverant.

409 4107 418 4113 ·
467 4092 541 4142 Et
575 4091 668 4141 tali
699 4090 990 4155 largitione,
1031 4090 1112 4140 bis
1148 4088 1456 4154 spectaculis

401 4166 715 4230 efficiebant,
757 4174 820 4217 ut
861 4167 1079 4218 crimina
1120 4166 1217 4217 sibi
1248 4168 1458 4231 impune

400 4251 597 4297 asent-
650 4244 730 4293 Ea
748 4242 1071 4308 impudentia
1088 4241 1317 4294 criminis
1338 4240 1460 4305 fuit,

530 4323 709 4392 Delpt.
734 4329 785 4376 ct
812 4324 929 4377 Ver.
952 4324 1087 4376 Clas.
1228 4317 1248 4339 ⁶

1426 4322 1585 4377 Tacit.

1531 1822 1593 1867 ut
1626 1825 1682 1867 et
1717 1816 1844 1882 ipsis
1887 1818 2046 1868 etiam
2076 1818 2261 1882 gratim
2293 1823 2591 1886 agerentur,

1530 1909 1650 1944 cum
1669 1893 1982 1958 decederent
1999 1894 2281 1957 provincia.

1534 1969 1686 2018 ·Sic
1730 1968 1918 2023 talibus
1972 1966 2184 2018 ludicris
2227 1965 2592 2033 impunitatem

1532 2044 1730 2107 adepti,
1740 2057 1844 2094 non
1861 2043 2026 2092 minus
2040 2041 2338 2107 affligebant
2352 2046 2591 2108 populos,

1534 2135 1689 2185 quam
1704 2119 1828 2182 ipsis
1854 2125 1910 2168 et
1926 2117 2079 2169 furtis
2104 2119 2400 2170 latrociniis.
2450 2120 2589 2170 Nam

1437 2211 1445 2222 ·
1533 2196 1609 2245 sic
1641 2195 1695 2243 in
1717 2196 2010 2257 exemplum
2043 2193 2155 2244 ibat
2186 2195 2382 2244 crimen
2420 2197 2595 2258 palam

1535 2277 1804 2332 assertum,
1827 2276 1882 2318 et
1914 2283 2009 2332 per
2027 2271 2235 2319 theatra
2257 2276 2594 2337 ostentatum,

1534 2352 1592 2396 et
1613 2346 1688 2395 sic
1709 2346 1762 2394 in
1783 2344 2013 2394 futurum
2030 2346 2188 2393 etiam
2210 2346 2540 2409 peccabatur.

1601 2422 1709 2472 Tali
1722 2421 1999 2485 largitione]
2026 2422 2253 2486 Populos
2276 2420 2596 2488 affligebant,

1533 2514 1652 2549 cum
1694 2499 1940 2563 pecunias
1993 2504 2240 2561 raperent
2263 2518 2277 2561 3
2327 2504 2383 2549 et
2437 2500 2594 2551 etiam

1532 2575 1836 2640 affligebant
1858 2575 1952 2624 tali
1977 2575 2250 2638 largitione,
2274 2589 2364 2625 seu
2398 2583 2602 2639 specta·

1531 2651 1654 2701 cula
1670 2650 1872 2701 edendo
1890 2667 1906 2714 3
1939 2651 2063 2716 quia
2083 2657 2192 2701 tum
2213 2650 2487 2702 ambitiosa
2502 2651 2594 2702 illa

1532 2723 1887 2787 munificentia
1940 2725 2297 2788 impunitatem
2360 2740 2598 2791 asseque-

1533 2800 1755 2861 bantur3
1788 2800 1965 2865 sicque
2010 2800 2207 2848 nullum
2241 2800 2295 2847 in
2330 2794 2595 2862 posterum

1534 2874 1827 2939 exemplum
1844 2873 2068 2923 dabatur
2083 2872 2146 2922 ad
2153 2887 2329 2923 versus
2342 2874 2594 2937 praesides

1533 2951 1939 3015 provinciarum:
1958 2948 2205 3014 quicquid
2221 2949 2391 3012 palam
2409 2951 2593 3016 largie-

1496 3023 1506 3033 '
1537 3028 1745 3088 bantur,
1761 3042 1857 3091 per
1872 3027 2040 3076 scelus
2062 3026 2198 3075 clam
2215 3026 2549 3089 supplebant.

1600 3104 1762 3153 Tenui
1783 3118 1845 3152 ea
1865 3102 2196 3164 liberalitate,
2213 3102 2480 3151 avaritiam
2498 3114 2594 3153 soe·
2681 3159 2685 3163 ,

1535 3179 1816 3243 vitiamqne
1834 3178 2096 3242 velabant,
2116 3176 2468 3233 defendebant
2488 3195 2503 3241 ς
2527 3195 2595 3237 ea

1532 3254 1742 3317 largitio
1772 3267 1876 3304 non
1915 3253 2015 3301 nisi
2057 3266 2154 3316 per
2201 3255 2496 3304 avaritiam:
2537 3260 2594 3304 et

1536 3344 1653 3380 cum
1676 3343 1842 3394 pauca
1873 3329 2059 3378 darent
2079 3327 2385 3393 plebe-cum,
2408 3344 2471 3379 eo
2490 3329 2597 3379 avi·

1536 3404 1654 3454 dius
1694 3402 2060 3469 audaciusque,
2099 3409 2156 3452 et
2194 3404 2347 3466 plura
2389 3404 2597 3468 pecula-

1536 3479 1743 3530 bantur.

1564 3573 1570 3580 ·
1602 3555 1918 3618 Nowmiaioe,
1934 3557 2016 3619 ᾁο.
2046 3553 2271 3615 subiectos
2300 3555 2595 3621 affligebant]

1536 3635 1865 3698 Largitionem
1895 3634 2115 3700 accipio,
2137 3646 2324 3699 nempe
2345 3636 2473 3700 ipsis
2495 3651 2596 3686 mu·

1535 3712 1746 3775 neribus,
1778 3712 1887 3762 sive
1915 3712 2216 3775 spectaculis.-
2241 3711 2424 3775 quibus
2459 3727 2593 3776 prae·

1535 3786 1675 3836 sides
1735 3787 1918 3850 multa,
1974 3786 2323 3849 sportularum
2368 3788 2593 3853 nomine,

1533 3861 1713 3926 largiri
1729 3862 1980 3921 solebant.

1599 3937 1831 4000 Subjecti
1859 3943 2030 3987 autem
2067 3934 2442 4003 affligebantur,
2470 3938 2592 3989 dum

1535 4011 1690 4077 feras,
1749 4028 1927 4077 equos,
1969 4013 2310 4077 animaliaque
2347 4013 2593 4077 inusitata

1535 4090 1917 4154 perquirerent,
1952 4103 2014 4139 ac
2049 4093 2221 4138 vestes
2250 4087 2449 4152 aliaque
2480 4102 2591 4142 mu-

1534 4178 1665 4214 nera
1688 4163 1999 4217 conferrent.
2019 4162 2245 4213 Picheua.

1547 4258 1555 4263 ·
1601 4242 1723 4292 Non
1741 4239 1961 4307 praecise
1983 4239 2051 4292 ob
2073 4238 2212 4293 feras
2233 4235 2414 4291 afflicti
2449 4238 2594 4307 socii,

2353 4319 2465 4372 5ss
