3100 4925
1166 378 1236 425 c.
1267 371 1644 425 *columna
1690 359 1977 420 'raon-1·
2131 373 2224 442 [A.
2239 375 2443 426 usia.
2474 372 2754 437 aasz]

528 361 702 432 15&

531 526 749 609 guine,
787 523 1062 607 effugit}
1097 522 1285 587 baud
1321 521 1608 586 creditus
1636 519 1936 585 sufficere
1982 519 2069 583 ad
2088 519 2100 530 '
2116 510 2589 581 constantiams
2625 509 2748 579 εἰ]-

532 626 813 692 mend'oe'
848 625 1103 701 mortiS,
1161 624 1251 687 ob
1305 621 1615 686 libidines
1665 621 2065 684 muliebriter
2117 619 2396 682 infames
2404 625 2449 677 .⁸
2507 612 2631 679 ‘At
2649 614 2744 704 L.

496 726 882 793 'Volusius‘
899 727 1161 808 egregia
1178 725 1362 789 fama
1378 725 1751 788 concessit:
1782 724 1894 786 'cui
1920 728 2058 785 tres
2103 726 2171 785 et
2198 716 2743 799 nonaginta-anui

531 829 826 913 spatium
852 828 1143 904 vivendi,
1171 827 1674 909 praecipuaeque
1715 820 1898 905 opesi
1926 822 2119 886 bouis
2150 822 2431 898 artibuS,
2455 817 2736 884 inoffen-

534 949 614 994 sa
640 933 743 995 tot
762 931 1233 1013 imperatorum
1261 927 1549 990 malitia*
1578 922 1743 990 fuit.j

530 1116 650 1163 lora
662 1112 853 1177 affectoe
872 1112 1033 1162 etatis
1034 1110 1174 1173 ‚fuso
1204 1127 1292 1174 per
1312 1127 1453 1162 venas
1468 1126 1665 1167 cruore3
1699 1112 1825 1161 Ιιιιιιά
1845 1111 2149 1160 existimatus
2176 1111 2297 1160 satis
2317 1109 2477 1172 vigere
2494 1108 2742 1186 adfusi-

427 1224 432 1242 ἱ
529 1178 739 1227 tudinem
764 1177 1068 1239 suscipiendae
1088 1177 1268 1235 mortis,
1285 1182 1344 1224 ut
1366 1178 1451 1239 qui
1466 1191 1552 1239 per
1567 1177 1855 1239 voluptatum
1863 1175 2062 1238 flagitia
2074 1163 2372 1224 muliebriter
2397 1176 2739 1250 ι’ςιιοηιιιιιῳιισ

531 1247 689 1291 esset.
755 1241 827 1290 At
849 1240 909 1291 L.
935 1241 1150 1290 Volusius
1168 1213 1283 1288 obii't
1305 1241 1481 1289 eximia
1496 1242 1655 1301 gloria
1687 1240 1895 1302 celebris,
1927 1240 2009 1302 qui
2051 1239 2180 1287 vixit
2218 1239 2376 1287 tribus
2407 1244 2455 1287 et
2475 1238 2742 1302 nonaginta

531 1303 687 1368 mnis,
703 1305 870 1354 mnis
882 1304 1070 1353 divitiis
1087 1304 1357 1353 iunocenter
1368 1305 1543 1368 partis,
1564 1309 1625 1352 et
1632 1304 1783 1353 illa-sa
1803 1308 1876 1352 tot
1895 1303 2235 1353 domnitam
2244 1302 2504 1366 pravitate.

1459 1417 1547 1436 O‘O
1551 1417 1813 1437 OO‘OOOOO‘

524 1482 783 1548 totitatis,
827 1488 888 1533 ut
908 1489 1139 1534 mutetur
1159 1497 1363 1534 nomeu.
1410 1482 1727 1533 Bretina—4
1763 1482 1907 1531 Male
1931 1481 2230 1546 Rodolphus
2253 1455 2516 1544 Agricola,
2536 1479 2743 1547 »militia-

1529 1612 1750 1663 NOTAE

596 1722 619 1756 f
644 1726 725 1775 Ad
744 1726 1078 1790 maxantiam]
1128 1726 1394 1777 Habemus
1419 1732 1593 1776 tamen
1672 1738 1793 1773 mox
1805 1722 1989 1788 reliqui
2004 1717 2624 1786 conjuratorumperiere.
2627 1716 2747 1767 ’Sic

533 1804 772 1867 exempla
812 1803 951 1866 apud
994 1804 1232 1854 Tacitum
1274 1803 1470 1864 talium,
1506 1801 1593 1867 qui
1676 1800 1793 1862 iste,
1816 1798 1884 1848 ob
1906 1797 2147 1847 libidines
2170 1804 2226 1845 et
2248 1796 2543 1857 voluptates
2563 1781 2746 1841 molles

531 1877 879 1929 constantiam
893 1877 1222 1929 exhibuerint
1237 1877 1393 1929 etiam
1414 1880 1465 1928 in
1489 1893 1595 1927 ma-
1677 1888 1739 1924 ac
1795 1870 2111 1934 muliebres,
2145 1885 2328 1935 parum
2382 1875 2628 1919 constans
2674 1869 2747 1918 'ad

519 1955 733 2015 joribus
755 1956 1162 2005 discriminibus.
1190 1954 1323 2005 Nam
1347 1963 1404 2005 et
1425 1962 1595 2005 morte
1672 1956 1898 1999 mortem
1922 1946 2219 1998 sumendam
2247 1945 2658 1995 existimabatur.

531 2029 698 2092 majus
721 2030 913 2094 aliquid
923 2027 993 2080 'ac
1018 2032 1353 2092 periculosius
1376 2036 1457 2081 est
1482 2047 1496 2079 z
1531 2046 1595 2080 ac

531 2111 682 2168 patet
707 2104 774 2154 de
792 2106 1100 2170 quibusdam
1124 2108 1342 2157 consciis
1366 2108 1604 2158 Pisonia-

534 2194 613 2230 nae
632 2177 1003 2245 conjurationis
1035 2183 1295 2234 ‘adversus
1323 2187 1603 2245 Neronem,

531 2257 619 2323 qui
657 2265 713 2308 et
743 2259 924 2323 primas
941 2265 1103 2323 partes
1127 2261 1236 2311 ¹sibi
1256 2262 1603 2324 postulabant.

554 2345 562 2356 ·
599 2333 777 2398 Usque
799 2333 957 2396 adeo,
980 2335 1212 2398 quamvis
1243 2336 1430 2385 vitiata
1448 2342 1598 2385 natu-

532 2422 592 2456 ra
614 2408 851 2472 bominis,
885 2411 1083 2459 resistit
1111 2411 1279 2461 adbuc
1302 2412 1519 2476 animus,
1542 2419 1600 2463 et

532 2499 589 2533 se
629 2499 786 2548 supra
814 2484 1064 2549 flagitium
1088 2488 1259 2551 erigit.
1323 2490 1397 2538 ‘Et
1418 2504 1483 2537 ex
1506 2490 1600 2539 mi-

532 2559 684 2621 seria,
705 2573 822 2622 quae
843 2560 1008 2609 menti
1032 2569 1280 2612 extranea
1299 2570 1399 2626 est,
1423 2558 1598 2613 novos

531 2633 830 2698 validosque
874 2635 1083 2696 spiritus
1120 2637 1290 2701 sumit,
1325 2653 1386 2687 ac
1409 2638 1597 2688 fortius

532 2710 828 2761 incenditur
855 2700 925 2760 ad
962 2711 1207 2762 virtutem
1226 2714 1598 2779 capessendam

530 2800 726 2849 rursus,
781 2793 837 2837 et
873 2790 1019 2838 velut
1061 2805 1126 2839 ex
1163 2791 1387 2854 integro.
1453 2785 1598 2842 otho

532 2863 700 2935 mollis
721 2878 841 2915 cum
857 2862 1084 2924 Nerone,
1103 2866 1229 2913 dum
1244 2867 1372 2916 vivit
1389 2867 1440 2915 iu
1462 2868 1600 2930 aula,

531 2939 715 2997 fortior
745 2948 830 2989 est
879 2940 1079 2989 Catone
1124 2955 1243 2989 cum
1281 2941 1423 3004 perit
1459 2942 1600 2991 inter

534 3029 677 3064 arma
692 3022 750 3064 et
771 3017 823 3064 iu
842 3016 1045 3064 castris.

595 3099 622 3134 s
653 3090 956 3140 Muliebriter
976 3089 1190 3152 warnis]
1214 3091 1333 3142 Non
1352 3093 1470 3157 quia
1486 3107 1598 3142 rnu-

530 3166 715 3217 liebria
737 3172 1024 3230 pateretur,
1053 3167 1250 3231 quippe
1271 3164 1466 3230 senex,
1503 3169 1597 3218 sed

533 3243 653 3307 quia
675 3241 813 3292 forte
827 3243 946 3291 olim
963 3256 1142 3306 passus
1163 3249 1330 3293 esset:
1356 3245 1438 3292 vel
1461 3242 1602 3304 forte

529 3319 597 3368 ob
642 3318 911 3368 mollitiam
948 3319 1180 3383 corporis
1203 3319 1354 3368 male·
1381 3319 1599 3380 audivit,

532 3396 616 3445 vel
632 3395 699 3446 ob
721 3395 911 3444 similia
925 3393 1126 3458 flagitia
1146 3396 1433 3448 libidinum.

598 3470 778 3521 Habes
817 3471 943 3535 quid
975 3472 1138 3521 simile
1180 3485 1278 3522 xv.
1298 3475 1381 3523 49.
1418 3473 1509 3522 ubi
1529 3473 1598 3522 de

531 3546 896 3610 conjuratione
910 3546 1182 3596 Pisoniana
1199 3563 1213 3597 ι
1232 3548 1249 3575 4
1264 3547 1463 3597 Flavius
1478 3540 1600 3598 Sce-

531 3624 680 3673 vinus
714 3632 770 3674 et
809 3624 1056 3674 Afranius
1086 3625 1415 3685 Quintianus,
1461 3633 1601 3675 uter·

534 3712 637 3764 que
658 3701 903 3750 senatorii
938 3701 1149 3762 ordinis,
1185 3708 1370 3751 contra
1405 3701 1598 3751 famam

531 3776 956 3839 mimi-incipiam
981 3778 1114 3826 tanti
1136 3776 1380 3827 facinoris
1419 3793 1600 3842 capes·

533 3851 723 3900 sivere.
792 3851 929 3900 Nam
960 3852 1174 3919 Scevino
1208 3851 1455 3902 dissoluta
1472 3855 1598 3903 luxu

526 3940 674 3979 meus
697 3934 753 3978 et
769 3927 985 3991 proinde
1002 3929 1110 3977 vita
1132 3942 1306 3978 somno
1324 3929 1599 3993 languida;

532 4003 846 4056 Quintianus
917 4003 1137 4061 mollitia
1192 4005 1423 4068 corporis
1467 4004 1600 4054 infa-

532 4079 666 4141 mis‚'
682 4081 781 4129 ὅτε,

600 4157 672 4205 Et
719 4155 845 4205 ibid.
867 4156 949 4205 70.
980 4155 997 4182 4
1021 4146 1331 4207 Quintianus
1372 4163 1429 4207 et
1471 4157 1597 4207 Sce-

531 4232 696 4298 viuus,
740 4246 842 4282 nou
876 4247 943 4282 ex
982 4232 1156 4297 priore
1187 4232 1310 4285 vitae
1349 4235 1593 4297 mollitia,

1744 2025 1769 2059 ¹¹
1793 2027 1860 2082 L.
1892 2024 2130 2087 Volusius]
2179 2026 2267 2074 De
2301 2024 2453 2087 hujus
2475 2018 2621 2071 s'enio
2642 2021 2752 2070 Pli-

1681 2103 1795 2152 nius
1815 2104 1853 2154 l.
1876 2116 1976 2152 vn.
2010 2103 2027 2130 ⁴
2054 2101 2238 2165 Nuper
2276 2100 2336 2148 L.
2371 2098 2617 2147 Volusius
2655 2098 2748 2146 Sa-

1682 2177 1915 2229 turninus
1946 2179 2190 2240 omnium,
2214 2172 2365 2242 ‘quos'
2388 2176 2443 2225 in
2475 2176 2747 2226 consulatu

1684 2252 1995 2306 sententiam
2016 2260 2309 2317 rogaverat,
2330 2257 2594 2316 superstes
2614 2250 2747 2300 fuit!

1683 2330 2005 2381 Praefectum
2047 2344 2165 2378 eum
2202 2328 2317 2377 urbi
2340 2326 2514 2377 ‘fuisse
2535 2326 2750 2389 colligas

1678 2424 1744 2457 ex
1760 2411 1930 2458 altero
1951 2405 2114 2457 Plinii
2134 2408 2279 2456 loco:
2312 2407 2328 2433 ⁴
2346 2406 2533 2469 Nuper
2560 2405 2622 2456 L.
2644 2405 2750 2455 Vo-

1677 2485 1807 2534 lusio
1850 2484 2129 2534 Saturnino
2164 2484 2218 2533 in
2253 2481 2570 2546 praefectura
2603 2470 2749 2531 urbis

1676 2556 1951 2622 extincto,¹
1983 2566 2160 2609 notum
2198 2574 2227 2609 e
2260 2559 2503 2609 Cornelia
2538 2558 2737 2629 Scipio·

1676 2634 1798 2687 num
1813 2637 2004 2699 gentis,
2024 2628 2597 2702 Volusium''(iutelligit
2609 2635 2747 2686 Plin.

1677 2713 1743 2764 Q.
1764 2714 2053 2775 Volusium,
2078 2713 2166 2777 qui
2191 2713 2312 2762 Cos.
2345 2726 2427 2762 an.
2450 2710 2748 2776 '809.)‘Sa-

1676 2782 1956 2851 turuiuum,
2003 2788 2091 2852 qui
2140 2787 2243 2838 fuit
2272 2788 2471 2852 consul,
2514 2787 2748 2851 genitum

1676 2873 1798 2935 post
1819 2871 1900 2916 52.
1919 2865 2143 2916 anuumss

1742 2943 1813 2992 Et
1847 2943 1915 2990 de
1957 2942 2153 2991 divitiis
2187 2940 2605 3006 ejus‚'1'acitusl
2626 2953 2747 2991 xlv.

1679 3019 1694 3049 ⁴
1712 3020 1820 3070 Sed
1837 3026 2079 3084 quantum
2097 3020 2308 3069 Volusio
2321 3020 2478 3084 longa
2492 3019 2744 3082 parcimo-

1677 3096 1765 3143 nia
1795 3095 2052 3159 quaesivit,
2087 3101 2287 3144 tautum
2325 3094 2379 3142 in
2413 3100 2467 3143 te
2483 3106 2597 3143 mea
2612 3092 2743 3142 libe-

1677 3170 1857 3219 ralitas
1880 3169 2093 3233 explere
2112 3183 2215 3218 non
2233 3171 2448 3232 potest.¹

1746 3244 1848 3293 Sed
1873 3251 1931 3294 et
1952 3250 2066 3294 tota
2101 3244 2428 3294 Volusiorum
2468 3243 2650 3294 domus
2675 3242 2752 3292 di-

1681 3335 1788 3370 ves.
1819 3321 2031 3370 Tacitus
2055 3314 2241 3371 Annal.
2265 3334 2354 3370 ιιι.
2393 3322 2409 3350 4
2429 3308 2658 3372 Volusio
2660 3330 2748 3368 ve-

1679 3403 1764 3447 tus
1783 3396 2001 3462 familia,
2045 3412 2215 3463 neque
2254 3386 2436 3448 tamen
2463 3404 2746 3462 praeturam

1679 3486 1921 3538 egressa:
1968 3475 2082 3538 ipse
2146 3470 2479 3525 consulatum
2519 3472 2531 3541 ’Ἴ
2556 3473 2750 3537 intulit,

1679 3564 1936 3615 opumque
1973 3551 2086 3614 quis
2122 3549 2303 3618 domus
2324 3549 2417 3601 illa
2437 3551 2741 3599 immensum

1679 3618 1866 3691 viguit,
1921 3627 2115 3691 primus
2173 3628 2563 3676 accumulatorss
2630 3624 2751 3688 Lip-

1681 3702 1796 3754 aius.

1741 3779 1802 3829 L.
1844 3779 2084 3842 Volusius]
2120 3778 2227 3829 Hic
2249 3779 2388 3829 idem
2433 3784 2514 3828 est
2535 3777 2601 3826 de
2632 3752 2747 3847 quo

1679 3856 1815 3905 infra
1840 3857 2019 3906 Nero
2005 3871 2059 3905 ιιι
2082 3856 2318 3920 alloquio
2342 3862 2747 3918 extemporaneo

1679 3932 1745 3980 ad
1767 3918 2015 3981 Senecam
2040 3946 2185 3979 suum
2209 3931 2241 3981 l.
2269 3944 2387 3980 xiv.
2414 3930 2435 3957 4
2458 3928 2565 3979 Sed
2585 3930 2758 3992 quan-²

1678 4015 1787 4059 tum
1808 4008 2020 4058 Volusio
2051 4009 2206 4071 longa
2228 4005 2549 4070 parcimonia
2566 4001 2754 4068 quaesi·

1600 4100 1609 4109 ‘
1676 4086 1774 4148 vit,
1797 4090 2001 4134 tantum
2035 4083 2089 4132 in
2129 4089 2183 4133 te
2215 4097 2331 4132 mea
2350 4080 2632 4130 liberalitas
2656 4092 2755 4159 exj

1676 4162 1825 4226 plere
1847 4174 1950 4210 nou
1974 4158 2188 4223 potest!
2254 4182 2258 4187 ·
2304 4182 2309 4189 ·

1706 4226 1713 4231 ’
1744 4235 1763 4270 ³
1783 4237 2134 4302 Praecipuaeque,
2177 4234 2309 4299 opes]
2371 4232 2576 4284 vitavit
2601 4232 2739 4281 hune
