3100 4925
575 130 586 157 θ
605 160 609 165 ,

431 307 643 411 ’1244

1186 362 1249 410 Ο.
1293 358 1655 409 CORNELII
1698 350 1954 406 TAol'rl

2350 358 2444 424 [A.
2466 360 2533 411 U.
2551 364 2671 411 8⁰⁴.

472 505 579 570 nis
618 503 971 587 praesidere
993 505 1041 568 ε*
1067 503 1237 586 'ipsa
1263 508 1470 568 semet
1511 502 1683 585 parti
1729 521 1773 564 a
1812 499 2173 584 majoribus
2215 499 2355 562 suis
2399 497 2674 582 Imperii

477 606 732 670 sociam
764 604 1039 669 ferebat.

533 705 666 779 38.
710 704 957 769 Vocati
988 705 1263 787 posthac
1296 704 1556 780 PatreS,
1579 704 1786 766 multa
1816 707 1881 765 et
1910 700 2258 782 magnifica
2287 719 2485 782 super
2513 692 2675 783 cape

476 807 736 871 tivitate
792 805 1146 871 Caractaci
1198 805 1602 869 disseruere:
1680 809 1699 837 ‘
1743 823 1960 887 neque
2018 803 2231 866 minus
2287 803 2359 865 id
2408 801 2676 878 clarum,

479 926 681 988 quam
725 928 876 971 cum
930 907 1289 990 Siphacem
1348 906 1431 970 P.
1484 905 1771 988 Scipio,v
1826 905 2079 967 Persen
2136 902 2212 964 L.
2242 899 2562 979 PauluS,W
2615 904 2681 963 et

481 1069 687 1119 moribus
704 1069 1237 1129 inauditum‚foeminam
1258 1068 1409 1129 signis
1424 1072 1473 1116 et
1486 1065 1675 1116 vexillis
1699 1068 1833 1114 Rom.
1852 1065 2121 1128 praesidere.
2187 1064 2287 1112 Sed
2308 1065 2412 1127 ipsa
2432 1079 2482 1112 se
2500 1068 2683 1112 consor-

479 1140 575 1182 tem
593 1133 764 1195 agebat
782 1134 989 1196 imperii,
1010 1135 1128 1196 quod
1150 1133 1350 1192 maiores
1369 1133 1444 1180 sui
1465 1135 1862 1193 comparaverant.
2607 1131 2612 1138 “

549 1197 668 1245 Cum
699 1202 864 1260 postea
898 1198 1214 1246 convenissent
1238 1198 1428 1255 Patres,
1461 1196 1667 1258 plurima
1699 1199 1746 1242 et
1778 1194 2062 1257 amplissima
2085 1207 2299 1242 censuere
2320 1194 2378 1240 de
2398 1192 2680 1255 captivitate

486 1261 733 1310 Curat-laci
750 1277 770 1320 ;
801 1275 965 1326 neque
1003 1261 1068 1324 id,
1094 1262 1259 1311 minus
1298 1261 1501 1309 illustre
1540 1273 1672 1322 esse,
1708 1273 1862 1323 quam
1884 1273 2000 1307 cum
2024 1259 2087 1308 P.
2113 1257 2284 1321 Scipio
2301 1258 2595 1320 Siphacem‚
2617 1255 2681 1305 L.

1480 1396 1694 1448 No'rAE

544 1492 561 1522 ί
597 1462 855 1540 Γαιηῗηαηι
894 1490 1046 1552 signis
1083 1491 1223 1540 Rom.
1263 1488 1539 1552 praesidere]

484 1567 621 1618 Quia
639 1580 845 1629 nempe,
866 1571 1037 1615 stetere
1054 1567 1107 1614 in
1125 1566 1273 1614 armis
1303 1565 1544 1628 proetoriae

482 1643 720 1691 cohortes.-
754 1649 809 1691 et
841 1643 924 1691 hic
945 1642 1089 1707 signa
1113 1642 1418 1702 cohortium,
1440 1654 1543 1688 non

482 1722 659 1766 tamen
701 1716 901 1780 aquilae,
942 1716 1174 1780 quiaibi
1214 1717 1354 1764 nulla
1390 1715 1541 1779 legio.

485 1791 566 1840 Ibi
584 1798 757 1841 tamen
781 1806 880 1841 non
913 1793 1021 1841 sine
1045 1806 1232 1856 pompa
1254 1799 1309 1841 et
1329 1806 1542 1856 appara-

488 1873 544 1916 tu
564 1868 724 1930 ,signa
754 1867 1014 1930 militaria,
1053 1882 1165 1931 quae
1196 1867 1307 1930 ipsa
1339 1867 1545 1916 numina

484 1943 760 2007 legionum,
781 1943 854 1992 ibi
891 1949 947 1992 et
979 1944 1227 2004 imagines
1250 1944 1543 2005 principum

485 2018 844 2080 imperantium
866 2019 1223 2081 Divorumque
1265 2018 1543 2076 Caesarum,

488 2105 600 2155 quae
646 2091 782 2140 inter
834 2091 978 2153 signa
1033 2091 1443 2153 ostentabantur,
1492 2096 1546 2139 et

487 2166 741 2229 principia
774 2165 864 2213 illa
900 2165 1059 2215 instar
1081 2166 1264 2228 templi
1286 2173 1469 2216 ornata
1490 2173 1547 2216 et

488 2240 776 2305 magnifica.

553 2320 624 2368 Et
646 2333 830 2382 parum
852 2318 1038 2382 abfuit,
1074 2321 1196 2385 quin
1234 2320 1389 2369 etiam
1411 2321 1548 2370 inter

487 2395 637 2459 signa
671 2395 761 2444 illa
796 2396 1024 2444 Romana
1077 2396 1464 2459 conspiceretur
1495 2404 1550 2447 et

490 2473 666 2534 imago,
682 2471 841 2534 ipsius
862 2471 1185 2534 Agrippinae,
1215 2487 1330 2535 quae
1368 2487 1424 2522 se
1460 2473 1552 2521 im-

399 2563 412 2580 1‘
491 2546 674 2609 periia
692 2546 974 2607 majoribus
1000 2546 1135 2608 parti
1158 2548 1346 2596 sociam
1366 2553 1552 2597 etcon-

457 2669 462 2674 .
492 2629 682 2672 sortem
704 2621 925 2684 ferebat,
947 2626 1006 2670 ut
1025 2636 1140 2686 quae
1160 2629 1299 2672 esset
1315 2616 1554 2688 abneptis

492 2697 732 2760 Augusti.
1499 2733 1508 2744 ,

501 2815 508 2822 .
556 2773 644 2823 Sic
664 2770 829 2822 iufra:
864 2773 880 2800 ‘
906 2772 1045 2824 Quin
1079 2773 1351 2837 et.legatis
1371 2774 1554 2824 Arme-

494 2849 695 2902 niorum
750 2861 955 2897 causam
1001 2849 1170 2913 gentis
1212 2849 1350 2914 apud
1388 2850 1556 2899 Nero-

493 2940 612 2975 nem
644 2924 927 2985 orantibus,
963 2924 1242 2974 escendere
1261 2930 1558 2989 suggestum

483 2999 838 3062 ‚imperator-is,
860 3005 917 3048 et
938 2999 1218 3062 praesidere
1237 2999 1386 3048 simul
1410 3013 1560 3063 para·

497 3072 627 3123 bate*
1159 3095 1166 3104 ’

503 3193 512 3198 ,
559 3146 851 3208 Proesidere]
906 3146 971 3200 Id
1007 3152 1107 3209 est,—
1147 3147 1375 3200 assidere
1415 3150 1556 3200 inter

495 3222 643 3286 signa
662 3226 718 3270 et
739 3222 978 3285 aquilas..
1018 3222 1196 3272 Voluit
1233 3223 1415 3273 eadem
1436 3239 1559 3274 mox

496 3295 856 3345 Armeniorum
898 3297 1082 3361 legatis
1125 3312 1156 3347 e
1198 3306 1439 3363 suggestu
1478 3314 1559 3348 re-

496 3371 780 3437 spondere:
830 3374 920 3422 sed
963 3381 1080 3423 astu
1121 3375 1336 3426 Senecae
1382 3381 1560 3424 amota

497 3455 600 3500 est,
620 3445 848 3509 foemina,
888 3462 954 3497 ne
994 3450 1281 3513 amplitudo
1322 3450 1560 3500 Romana

499 3521 729 3580 barbaris
751 3521 975 3572 ludibrio
998 3529 1150 3578 esset.
1231 3549 1236 3554 ·

547 3603 584 3654 .'
620 3597 740 3646 Cum
761 3597 1009 3661 Siphacem
1030 3600 1095 3649 P.
1114 3598 1300 3662 Scipio]
1334 3600 1419 3648 De
1453 3614 1559 3662 quo

497 3670 671 3731 Valet.
697 3672 843 3721 Max.
866 3689 942 3723 vr.
967 3680 1016 3723 9.
1048 3675 1064 3702 ‘
1091 3674 1284 3738 Siphax
1306 3689 1398 3728 rex
1437 3689 1558 3724 con-

499 3748 715 3799 similem
754 3748 974 3802 fortunae
1007 3751 1338 3815 iniquitatem
1370 3767 1558 3816 exper-

462 3878 468 3881 ,
499 3831 597 3887 tus,
632 3839 785 3888 quem
825 3826 1045 3878 amiciun
1090 3826 1208 3882 hinc
1254 3828 1419 3878 Roma
1462 3842 1560 3890 per

498 3900 993 3964 Scipionem,1illinc
1030 3902 1285 3966 Carthago
1328 3918 1422 3967 per
1461 3903 1561 3956 Aa·

485 3969 767 4028 ’drubalem
790 3976 929 4025 ultro
964 3976 1190 4039 petitum
1227 3976 1293 4026 ad
1327 3979 1558 4032 Penates

501 4052 642 4101 Deos
661 4050 771 4114 ejus
806 4056 1040 4101 venerat.
1107 4053 1349 4102 Ceterum
1372 4069 1434 4104 eo
1456 4056 1562 4104 cla-

501 4126 669 4177 ritatis
689 4133 924 4190 evectus,
941 4134 1001 4176 ut
1023 4128 1447 4180 validissimorum
1472 4146 1565 4194 po·

500 4204 739 4272 pulcrum
760 4207 962 4253 tantum
984 4217 1086 4255 uon
1107 4203 1303 4256 arbiter
1334 4206 1565 4258 victorin

1622 1490 1903 1539 existeret:
1942 1489 2084 1552 parvi
2117 1488 2364 1552 temporis
2407 1487 2684 1551 interjecta

1622 1580 1765 1614 mora
1780 1571 2050 1615 catenatus
2073 1580 2103 1614 a
2124 1565 2284 1614 Laelio
2299 1565 2470 1626 legato
2487 1562 2550 1611 ad
2572 1563 2684 1611 Sci-

1624 1640 1830 1704 pionem
1868 1641 2236 1704 imperatorem
2269 1644 2561 1701 pertractus
2584 1643 2683 1688 est.

1626 1716 1889 1780 Cujusque
1909 1715 2178 1777 dexteram
2200 1714 2342 1778 regio
2364 1712 2591 1761 insidens
2611 1727 2689 1763 ao-

1600 1791 1694 1840 ‘lio
1718 1792 1980 1855 arroganti
2003 1806 2156 1839 manu
2191 1789 2454 1852 attigerat,
2474 1787 2538 1836 ad
2572 1787 2686 1849 ejus

1627 1881 1791 1931 genua
1813 1868 2029 1930 supplex
2051 1866 2344 1930 procubuit.
2390 1865 2574 1928 Itaque
2596 1863 2689 1911 tri-

1629 1943 1900 2006 umphatus
1943 1943 2031 1991 ille
2072 1941 2318 2004 Numida,
2362 1940 2470 1988 vita
2516 1947 2689 1988 tamen

1628 2016 1862 2078 donatus,
1902 2023 1957 2065 et
1996 2015 2149 2065 Albae
2189 2017 2240 2064 in
2280 2015 2514 2064 custodia
2548 2019 2690 2077 post·

1629 2107 1782 2156 quam
1809 2091 2140 2152 decessisset,
2162 2106 2256 2154 per
2286 2099 2596 2154 quaestorem
2620 2090 2688 2139 ad

1632 2167 1689 2217 id
1721 2169 1929 2217 missum
1964 2167 2171 2230 publico
2201 2167 2382 2216 funere
2411 2168 2688 2217 honoratus

1629 2243 1746 2295 est!
1813 2245 1945 2294 Post
1980 2243 2292 2305 triumphum
2325 2243 2434 2291 vita
2468 2243 2690 2292 donatus

1628 2319 1840 2382 Siphax,
1861 2324 1917 2368 et
1934 2317 2084 2368 Albae
2110 2318 2161 2365 in
2184 2318 2420 2368 custodia
2442 2332 2560 2367 cum
2599 2317 2690 2366 de-

1631 2397 1890 2458 cessisset,
1922 2409 2018 2459 per
2042 2402 2352 2459 quaestorem
2389 2394 2455 2443 ad
2492 2394 2547 2443 id
2574 2393 2693 2442 mis-

1634 2486 1764 2535 sum,
1784 2472 1994 2535 publico
2015 2470 2196 2519 funere
2216 2472 2380 2520 elatus
2404 2477 2499 2519 est.
2743 2465 2755 2476 “

1697 2553 1730 2578 ”
1766 2547 1940 2595 Persen
1965 2547 2024 2596 L.
2048 2546 2248 2609 Paulus]
2286 2547 2368 2595 De
2390 2560 2452 2594 eo
2471 2559 2592 2608 rege
2615 2544 2692 2594 sic

1632 2620 1769 2669 Vell.
1791 2622 1828 2669 l.
1861 2634 1901 2669 1.
1941 2622 1956 2649 ‘
1974 2622 2103 2669 Tum
2128 2626 2336 2669 senatus
2370 2622 2693 2686 populusque

1634 2697 1893 2746 Romanus
1917 2697 1974 2746 L.
1990 2697 2249 2747 AEmilium
2271 2697 2507 2757 Paulum,
2530 2696 2614 2760 qui
2637 2703 2696 2745 et

1636 2780 1834 2834 praetor
1856 2778 1912 2820 et
1943 2773 2124 2821 consul
2159 2772 2584 2835 triumphaverat,
2620 2771 2695 2821 vi-

1638 2861 1750 2895 rum
1771 2847 1824 2895 in
1845 2853 2051 2896 tantum
2086 2846 2412 2910 laudandum,
2450 2847 2502 2894 in
2540 2859 2705 2910 quan:

1640 2927 1747 2971 tum
1769 2921 1988 2984 intelligi
2023 2922 2184 2971 virtus
2217 2928 2410 2985 potest,
2433 2923 2696 2971 consulem

1639 2998 1856 3059 creavit,
1878 3001 1975 3046 ὅτε.
2010 2997 2063 3045 Is
2080 2998 2332 3047 Perseum
2349 2998 2546 3060 ingenti
2561 3010 2699 3060 prm·

1636 3073 1727 3135 lio,
1753 3070 1895 3135 apud
1913 3073 2095 3123 urbem
2128 3074 2333 3124 nomine
2357 3072 2612 3137 Pydnam,
2640 3072 2696 3121 in
2779 3081 2789 3090 “

1638 3147 1947 3197 Macedonia
1968 3145 2135 3196 fusum
2153 3147 2491 3211 fugatumque
2509 3146 2698 3198 castris

1638 3222 1802 3286 exuit,
1823 3221 2110 3286 deletisque
2140 3224 2248 3286 ejus
2271 3224 2456 3287 copiis,
2479 3222 2697 3272 destitu-

1640 3299 1922 3350 tum—omni
1962 3312 2055 3361 spe
2093 3298 2269 3362 coegit
2307 3312 2336 3346 e
2382 3298 2700 3348 Macedonia

1638 3373 1946 3438 profugere:
1982 3389 2135 3437 quam
2170 3375 2257 3423 ille
2291 3374 2524 3439 linquens
2549 3375 2604 3421 in
2625 3373 2701 3431 in-

1640 3452 1801 3499 sulam
1837 3450 2240 3500 Samothraciam
2278 3448 2530 3514 profugit,
2567 3456 2699 3499 tem-

1640 3527 1815 3591 plique
1830 3537 1887 3575 se
1903 3526 2141 3590 religioni
2157 3525 2442 3590 supplicem
2459 3524 2701 3576 credidit.

1639 3600 1725 3651 Ad
1770 3616 1886 3651 eum
1930 3601 2025 3651 Cn.
2069 3601 2322 3650 Octavius
2360 3606 2570 3663 praetor,
2610 3600 2701 3663 qui

1641 3675 1792 3726 classi
1830 3682 2072 3739 praeerat,
2113 3676 2373 3739 pervenit,
2408 3683 2463 3723 et
2496 3674 2698 3724 ratione

1620 3749 1818 3815 magis,
1851 3765 2002 3815 quam
2031 3752 2085 3800 vi
2122 3750 2403 3813 persuasit,
2435 3755 2496 3800 ut
2516 3763 2572 3798 se
2594 3750 2698 3802 Ro-

1639 3841 1904 3880 manorum
1915 3825 2038 3880 fidei
2055 3826 2421 3884 committeret.
2454 3824 2544 3874 Ita
2561 3825 2702 3878 Pau·

1639 3902 1717 3952 lus
1736 3902 2009 3952 maximum
2032 3901 2499 3966 nobilissimumque
2522 3915 2701 3965 regem

1640 3979 1694 4028 in
1719 3980 1975 4042 triumpho
1997 3977 2187 4030 duxitl.
2229 3976 2403 4039 Albae,
2427 3978 2511 4026 vel
2533 3984 2591 4027 ut
2614 3976 2713 4032 alii,
2778 3994 2799 4004 ‘

1640 4056 1838 4118 volunt,
1874 4054 2076 4118 Tiburi,
2116 4054 2169 4103 in
2206 4053 2443 4103 custodia
2478 4066 2713 4106 moerore.

1642 4128 1908 4179 confectus
1935 4129 2167 4179 interiit:
2199 4129 2288 4179 alii
2321 4143 2419 4191 per
2452 4127 2702 4181 insomffla

1640 4204 1946 4272 vigiliasque
1965 4206 2192 4260 occisum
2211 4205 2411 4257 volant.
