3100 4925
507 407 702 474 .1248
1217 427 1302 474 c.-
1326 423 1689 472 connnnn
1736 424 1988 473 ‘morri
2402 428 2497 497 [Α.
2518 430 2588 484 u.
2611 436 2726 483 su.

533 573 606 637 in
632 567 918 637 Gallias?
944 570 1202 653 trajecti
1228 569 1463 648 forent,
1491 570 1589 634 ita
1619 567 1936 633 Silurumj
1962 590 2197 635 nomen
2227 571 2490 654 penitus
2518 573 2727 636 extin-

530 670 897 757 guendum?
982 672 1193 751 Igitur
1238 670 1405 767 (luas
1442 671 1798 734 auxiliares
1851 671 2180 747 cohorteS,
2230 672 2511 736 avaritia
2542 671 2731 737 Prae-

528 777 849 841 sectorum
889 775 1224 837 incautius
1271 773 1686 856 populanteS,
1744 772 2183 854 intercepere:
2259 773 2607 856 spoliaque
2664 781 2733 840 et

530 878 840 961 captivos
866 873 1230 957 largiendo,
1283 878 1537 936 ceteras
1564 891 1826 955 quoque
1854 873 2154 936 nationes
2183 872 2268 939 ad
2299 873 2745 943 defectionem-

529 979 907 1043 trahebant:
954 995 1130 1052 cum,
1183 974 1386 1038 taedio
1417 993 1729 1038 curarum
1765 973 2009 1049 fessus,
2067 971 2375 1037 Ostorius
2404 979 2735 1043 concessit

533 1080 720 1160 vita3
753 1080 929 1145 laetis
977 1080 1299 1155 hostibuS‚
1351 1081 1670 1159 tanquam
1720 1075 1983 1169 Ducem
2026 1074 2203 1139 haud
2253 1078 2682 1158 spernendum
2685 1075 2746 1158 ,ἕ

535 1187 602 1244 et
630 1182 713 1244 si³
740 1200 872 1245 non
899 1181 1228 1263 praelium,
1260 1184 1331 1243 at
1357 1183 1529 1242 certe
1557 1177 1825 1255 bellum,
1858 1177 2306 1241 absumsisset.
2350 1177 2355 1181 ’

621 1284 732 1347 40.
777 1281 874 1347 At
903 1281 1153 1359 Caesar,
1201 1282 1465 1363 cognita
1509 1284 1718 1343 morte
1768 1278 2028 1360 Legati,
2077 1297 2161 1342 ne
2206 1280 2554 1361 provincia
2586 1283 2736 1349 ¹sine

537 1390 789 1449 rectore
838 1383 1027 1460 foret,
1074 1380 1162 1446 A.
1197 1381 1475 1445 Didium
1506 1379 1784 1443 suffecit.
1874 1379 1946 1444 Is
1998 1400 2282 1463 propere
2310 1386 2562 1461 vectuS,
2605 1403 2737 1449 non

538 1490 761 1549 tamen
804 1484 1089 1566 integras
1118 1503 1219 1548 res
1249 1483 1518 1560 invenit,
1572 1480 1851 1545 adversa
1893 1481 2154 1546 interim
2180 1481 2462 1564 legionis
2491 1503 2738 1566 pugna,

542 1587 651 1648 eui
683 1584 1000 1650 Manlius¹
1030 1583 1285 1647 Valens
1312 1585 1628 1666 praeerat:
1676 1586 2001 1669 auctaque
2030 1588 2097 1646 et
2125 1583 2305 1665 apud
2334 1584 2560 1647 hostes
2588 1584 2737 1667 ejus

539 1689 631 1752 rei
658 1687 860 1763 fama,
914 1704 1044 1769 quo
1073 1686 1432 1754 venientem
1478 1684 1736 1747 Ducem
1778 1689 2191 1763 exterrerent,
2243 1689 2440 1767 atque
2474 1686 2591 1750 illo
2621 1701 2736 1752 au·

543 1902 636 1950 lati
659 1908 850 1966 essent,
868 1900 945 1951 ita
965 1906 1021 1950 et
1053 1901 1274 1961 Silurum
1311 1904 1517 1963 gentem
1541 1901 1698 1964 plane
1729 1898 2147 1949 exscindendam.
2216 1898 2384 1962 Itaque
2403 1899 2743 1952 circumvenere

543 1969 661 2013 duas
680 1966 889 2014 cohortes
907 1965 1154 2025 sociorum,
1176 1965 1435 2027 cupiditate
1447 1963 1774 2026 prefectorum
1785 1963 2127 2026 imprudentius
2142 1965 2445 2025 praedmttes5
2463 1964 2741 2027 exuviasque
2796 1960 2809 1975 ‘

545 2034 593 2075 et
613 2028 821 2090 captivos
839 2029 1067 2085 donando,
1101 2029 1304 2090 reliquas
1333 2028 1477 2075 etiam
1504 2032 1671 2087 gentes
1691 2029 1753 2075 ad
1773 2027 2065 2075 rebellionem
2085 2026 2384 2089 impellebant
2402 2043 2423 2085 ‚·
2453 2042 2559 2075 cnm
2579 2030 2742 2077 moles·

547 2092 619 2138 tia
640 2105 860 2139 curarum
882 2090 1128 2151 fatigatus
1160 2090 1376 2138 Ostorius
1393 2105 1418 2138 e
1439 2090 1562 2138 rivis
1590 2091 1808 2151 excessit,
1836 2088 2151 2152 gaudentibus
2178 2089 2405 2150 barbaris,
2438 2093 2560 2154 quod
2579 2093 2744 2141 ducem

546 2171 638 2203 non
659 2155 972 2212 ἑεηιηεηᾱιιηι,
1004 2155 1047 2202 si
1068 2168 1160 2202 non
1176 2168 1357 2216 pugna,
1388 2158 1440 2201 at
1460 2155 1626 2202 saltem
1644 2152 1814 2202 bellum
1833 2152 2119 2215 confecisset.

611 2221 654 2266 A
661 2224 681 2266 t
706 2218 887 2280 Caesar,
907 2222 1139 2280 comperta
1154 2223 1302 2267 morte
1328 2219 1528 2278 Ostorii,
1549 2233 1609 2266 ne
1629 2218 1889 2266 Britannia
1910 2219 2008 2266 sine
2030 2220 2184 2277 legato
2195 2216 2528 2277 foret‚Aulnm
2539 2219 2743 2271 Didium

546 2281 828 2345 substituit.»
879 2282 932 2329 Is
947 2282 1241 2340 festinanter
1275 2282 1327 2329 in
1350 2282 1666 2345 provinciam
1697 2284 1931 2343 advectus,
1966 2297 2059 2330 non
2082 2286 2237 2329 tamen
2263 2282 2415 2329 salvas
2444 2295 2522 2329 res
2549 2284 2744 2346 reperit,

547 2348 831 2409 impr-aspero
870 2346 1062 2395 interim
1100 2347 1352 2395 certamine
1387 2347 1601 2408 legionis,
1638 2361 1775 2408 quam
1810 2345 2027 2395 Manlius
2065 2345 2237 2393 Valens
2267 2345 2459 2406 regebat
2474 2362 2491 2394 .·
2523 2352 2745 2410 auctaque

548 2420 631 2461 est
667 2417 714 2462 et
743 2411 871 2462 inter
892 2411 1044 2461 hostes
1077 2411 1177 2472 ejus
1211 2412 1281 2461 rei
1309 2411 1483 2477 gloria,
1518 2426 1606 2475 quo
1637 2413 1965 2488 adventantem
1987 2411 2194 2474 legatum
2222 2414 2559 2475 per-terrerent,
2593 2415 2640 2461 et
2661 2411 2744 2461 illo

1471 2552 1527 2570 ‘O
1534 2549 1795 2570 “3000“st

547 2625 704 2672 autea
722 2619 925 2681 provisa.
957 2618 1278 2667 Brotier2—:3
1312 2618 1402 2666 etsi
1430 2618 1659 2667 Brotier.
1681 2623 1738 2666 et
1760 2617 1975 2666 Homer.
2214 2612 2225 2618 ’
2734 2661 2741 2674 ,

614 2690 640 2732 1
679 2684 783 2734 Ms.
813 2683 947 2746 Reg.
972 2683 1190 2731 Mallius.
1257 2681 1432 2731 Editio
1457 2682 1714 2745 princeps,
1749 2681 1952 2729 Malleus
1980 2680 2170 2730 Valens.
2235 2677 2576 2745 Puteolanus,
2600 2682 2743 2733 Man·

552 2747 674 2797 liuss'
702 2748 848 2811 cujus
865 2746 1001 2796 forte
1023 2746 1267 2795 memoria
1287 2752 1435 2795 extat
1452 2747 1505 2795 in
1528 2746 1695 2796 veteri
1714 2759 1969 2794 marmore
1993 2744 2131 2808 apud
2161 2744 2464 2813 Gruterum,
2484 2753 2597 2798 918.
2620 2762 2671 2797 n.
2693 2752 2742 2797 2.

618 3022 631 3054 ¹
664 3022 874 3085 Gallias]
905 3022 1039 3072 Vide
1060 3030 1211 3073 notas
1229 3037 1308 3073 xr.
1333 3028 1413 3075 18.
1465 3024 1608 3075 Tille-
1686 3039 1800 3074 rum
1820 3023 1896 3075 ita
1916 3030 2155 3088 apparet.
2222 3022 2273 3073 N
2278 3037 2360 3073 am
2383 3023 2519 3088 quod
2550 3022 2633 3073 hic
2654 3021 2747 3085 ait,

551 3099 747 3146 nonius.
1686 3114 1843 3163 supra
1881 3114 1936 3148 se
1970 3098 2226 3157 retulisse,
2260 3112 2362 3146 non
2394 3099 2536 3161 leges
2568 3098 2622 3147 id
2641 3097 2747 3161 qui-

613 3173 630 3215 i
661 3173 899 3236 Silurum]
930 3174 1064 3224 Vide
1085 3181 1232 3226 notas
1255 3191 1414 3240 supra
1450 3191 1496 3227 c.
1520 3181 1602 3227 32.
1685 3174 1803 3226 dem
1820 3176 1872 3224 in
1891 3176 1964 3224 his
1987 3174 2145 3224 libris.
2176 3174 2389 3237 Lipsius.

557 3251 782 3299 Tillenwn
1748 3254 1799 3302 Ε
1834 3252 2029 3302 civitate
2054 3249 2350 3313 augustum]
2392 3250 2658 3299 Nonnulla
2675 3249 2748 3298 ci·

579 3377 582 3380 A
617 3326 641 3360 ¹¹
672 3329 856 3378 Ducem
879 3330 1003 3378 hand
1022 3333 1349 3396 spernendum]
1397 3330 1481 3382 Ne
1516 3345 1607 3394 pu-

551 3410 652 3465 tes,
692 3416 752 3452 ea
785 3403 958 3466 phrasi
995 3406 1304 3456 mediocrem
1328 3405 1511 3456 ducem
1534 3407 1608 3454 in-

554 3478 753 3542 telligi3
787 3478 938 3527 immo
960 3481 1033 3528 sic
1056 3480 1322 3532 Ostorium
1357 3489 1608 3544 praestan-

552 3554 800 3603 tissimum
835 3552 990 3603 fuisse
1015 3556 1199 3606 ducem
1221 3557 1472 3606 declarat.
1538 3559 1608 3606 Et

553 3628 663 3691 ejus
686 3628 837 3691 filius,
875 3630 983 3678 sive
1006 3630 1143 3678 fama
1164 3645 1274 3692 sua,
1314 3632 1420 3680 sive
1444 3633 1608 3694 patris

554 3704 735 3767 gloria,
753 3703 889 3753 infra
913 3706 1108 3754 Neroni
1132 3706 1393 3755 metuitur.

617 3778 704 3827 Sic
719 3777 895 3827 Lindus
916 3788 1067 3828 vocat
1087 3781 1359 3844 Polybium
1376 3796 1468 3830 non
1492 3788 1609 3831 tem-

553 3855 756 3904 nendum
793 3863 1074 3915 auctorem,
1117 3857 1171 3904 id
1214 3864 1310 3916 est,
1348 3858 1609 3919 optimum,·

553 3931 629 3982 sic
646 3943 785 3978 more
803 3944 894 3978 seu
919 3931 1090 3992 phrasi
1120 3933 1267 3981 Rom.
1291 3946 1393 3980 nou
1415 3932 1610 3982 medio-

555 4020 692 4055 crem
717 4005 765 4052 ei
784 4006 984 4054 laudem
1006 4008 1208 4055 astruit.

620 4080 634 4113 ¹
666 4081 960 4142 Brigantum
990 4082 1208 4143 civitate]
1251 4083 1516 4144 Jngantnm
1557 4083 1611 4131 in

556 4157 821 4206 veteribus
863 4155 1026 4204 libris.
1115 4156 1267 4220 Legit
1319 4159 1614 4218 Brigantum

557 4232 877 4298 Redolphus,
896 4238 953 4283 et
974 4246 1095 4283 sane
1118 4248 1148 4282 e
1169 4233 1327 4284 tertio
1357 4233 1613 4284 Historia-

1685 3328 1924 3388 vitatum‚
1959 3325 2243 3387 fluminum,
2279 3326 2505 3374 locorum
2537 3325 2747 3374 nomina

1684 3404 2147 3463 Tacitodicuntur,
2185 3415 2300 3464 quae
2323 3415 2423 3449 non
2448 3401 2516 3450 ob
2553 3400 2609 3448 id
2633 3414 2747 3450 cor-

1688 3478 1944 3542 ruptionis
1977 3477 2272 3526 insimulare
2309 3476 2573 3538 debemus,
2609 3475 2750 3540 quod

1689 3556 1753 3603 ab
1776 3555 1889 3604 aliis
1910 3569 2011 3604 non
2034 3557 2430 3602 recenseantur:
2464 3551 2603 3601 inter
2628 3566 2748 3616 quae

1685 3632 1768 3696 (ut
1787 3629 1928 3693 reor)
1949 3632 2199 3692 Jugantes.

1752 3705 2141 3756 Eruditissimus
2179 3704 2260 3753 vir
2296 3704 2530 3768 sequitur
2554 3704 2749 3756 Redol-

1687 3783 1863 3846 phum,
1884 3783 2138 3846 legitque,
2174 3781 2481 3842 Brigantum.
2548 3782 2754 3831 Putant

1688 3857 1749 3905 iis
1793 3870 1848 3905 se
1874 3856 2066 3919 juvari,
2109 3871 2223 3920 quae
2261 3860 2380 3904 suut
2415 3855 2643 3905 hist-111.
2664 3861 2748 3905 45.

1691 3934 1705 3958 ‘
1727 3937 1902 3995 spreto
1923 3930 2185 3991 Venutio,’
2207 3932 2306 3979 διο.

1754 4007 1858 4057 Sed
1898 4006 2020 4071 quid
2043 4006 2114 4056 ibi
2137 4019 2232 4069 pro
2268 4005 2404 4054 illis?
2437 4006 2751 4055 Cartisman-

1693 4083 1796 4132 dua
1816 4083 2021 4145 Regina
2048 4083 2373 4145 Brigantum,
2394 4082 2634 4132 maritum
2660 4083 2753 4131 ha-
2792 4103 2799 4114 ·

1691 4157 1849 4207 bebat
1888 4157 2192 4221 Venutium,
2229 4172 2260 4207 e
2297 4159 2515 4207 civitate
2552 4157 2751 4221 Jugan-

1693 4239 1838 4296 tum3
1873 4233 2009 4285 iuter
2031 4249 2156 4300 quos
2176 4240 2355 4285 secuto
2383 4232 2613 4298 dissidio,
2648 4232 2752 4287 bei-
