3100 4925
465 378 645 448 1164*
1173 390 1239 440 e.
1281 388 1642 438 conunnn
1687 387 1968 435 raom-

2330 390 2427 456 [A-
2445 387 2517 443 u.
2538 395 2654 444 m.

466 556 551 603 eo
574 556 789 620 usque
817 552 1005 617 spem
1030 533 1188 599 vitae
1223 531 1656 617 produxerat,
1686 549 1803 594 seu
1840 528 2095 594 delecto
2119 527 2253 607 die,
2286 530 2651 612 aagendam

466 636 554 702 ad
581 636 918 701 invidiam.
958 685 963 690 .
1004 633 1309 709 Calvina,
1342 651 1528 696 soror
1552 627 1751 715 ejus}
1789 630 1989 695 Italia
2010 630 2210 712 pulsa
2234 635 2355 693 est.
2439 629 2666 698 Aonia--

467 738 566 801 dit
615 736 957 812 Claudius,
1010 740 1031 768 ‘
1059 731 1270 799 sacra¹
1311 754 1401 797 ex
1443 734 1703 814 legibus
1747 731 1925 795 Tulli
1970 730 2201 815 RegiS‚
2251 733 2670 816 piaculaque·

469 838 651 921 apud
703 840 928 902 lucum
978 837 1235 901 Dianae-
1276 856 1397 919 per
1456 833 1820 899 Pontifices
1888 834 2107 897 danda
2124 833 2162 898 :’
2233 834 2657 898 irridentibus

465 1033 564 1082 sive
583 1038 770 1096 accepto
790 1048 853 1082 eo
873 1039 1094 1097 tempore,
1124 1048 1212 1097 quo
1232 1034 1387 1095 magis
1416 1032 1577 1081 odium
1607 1031 1830 1081 incitaret
1863 1031 1917 1079 in
1951 1030 2291 1080 dominantes.
2358 1030 2508 1079 Soror
2528 1030 2658 1080 inin
2683 1044 2688 1048 ’

472 1097 670 1147 Calvina
697 1098 839 1146 Italia
860 1097 1009 1156 eiecta
1028 1102 1117 1145 est.
1182 1096 1373 1157 Adiecit
1395 1096 1622 1144 Claudius
1654 1094 1905 1144 sacrificia
1924 1110 1990 1144 ex
2010 1094 2233 1144 decretis
2246 1094 2388 1143 Tulli
2410 1095 2567 1159 regis,
2600 1100 2658 1144 ct

469 1161 673 1224 piacula
696 1161 833 1225 apud
866 1176 1045 1210 nemus
1067 1161 1256 1210 Dianae
1281 1175 1376 1224 per
1397 1158 1671 1224 pontifices
1702 1158 1974 1220 facienda3
2023 1173 2122 1208 nou
2158 1158 2270 1208 sine
2307 1158 2453 1208 irrisu
2484 1156 2658 1206 civium

1456 1352 1675 1404 NOTAE

470 1494 795 1560 ipsum‘male
817 1494 1036 1547 affectus
1058 1499 1124 1548 ob
1143 1499 1372 1548 exilium.
1429 1498 1531 1565 Pa·

473 1576 556 1622 tet
586 1572 742 1622 etiam
781 1588 848 1622 ex
879 1575 1079 1636 Tacito,
1098 1589 1202 1625 non
1236 1576 1407 1639 capite
1439 1581 1531 1625 aut

1611 1499 1746 1548 Clsr.
1800 1497 2059 1557 Harlaeus,
2113 1497 2257 1561 quasi
2299 1496 2353 1545 id
2402 1496 2665 1547 addiderit

1610 1572 1857 1622 Claudius
1899 1574 2358 1636 senatusconsulto,
2406 1588 2506 1638 quo
2550 1574 2669 1623 Cal·

473 1646 648 1710 exilio,
664 1643 778 1699 *nec
816 1647 1002 1699 incesti
1040 1650 1335 1700 damnatum
1369 1650 1531 1700 fuisse
1608 1649 1731 1697 vina
1752 1648 1898 1696 Italia
1931 1649 2067 1711 pulsa
2101 1653 2189 1697 est.
2254 1647 2360 1696 Sed
2397 1662 2501 1696 non
2537 1648 2666 1698 satis

471 1722 717 1786 Silanum,
735 1725 827 1774 sed
844 1728 1203 1776 tantummodo
1214 1726 1531 1789 infamatum,

474 1812 576 1862 qno
616 1808 799 1849 senatu
837 1807 894 1849 et
935 1802 1132 1866 nuptiis
1170 1801 1407 1853 Octaviae
1445 1803 1534 1852 de·
1609 1813 1667 1848 se
1711 1797 1974 1860 Claudius,
2012 1805 2072 1846 ut
2114 1796 2358 1847 Pontifex
2398 1798 2544 1848 Max.
2587 1797 2712 1847 vel*

475 1875 613 1937 pellis
622 1883 814 1938 posset.

488 1971 493 1976 ·
538 1950 737 2012 Itaque·
766 1968 797 1999 a
831 1953 1055 2002 Censore
1075 1953 1292 2003 Vitellio
1323 1959 1535 2002 notatus

474 2025 677 2073 Silanus
700 2025 766 2073 ob
789 2025 1042 2087 flagitium
1065 2028 1269 2088 incesti,
1293 2030 1400 2077 sive
1423 2043 1533 2077 cer-

478 2107 587 2149 tum
612 2100 719 2147 sive
742 2100 1013 2164 incertum,
1032 2109 1087 2150 et
1107 2110 1290 2152 senatu
1327 2118 1389 2151 ac
1428 2118 1531 2152 ma-

375 2215 382 2222 .
478 2174 696 2238 gistratu
721 2181 923 2223 tantum
944 2178 1121 2238 pulsus
1142 2185 1252 2238 est;
1297 2178 1387 2227 sed
1422 2179 1534 2241 ipse

479 2248 662 2297 dolore
706 2253 763 2298 et
805 2250 1085 2313 ignominia
1128 2252 1362 2316 adactus,
1403 2253 1535 2303 mori

479 2324 677 2376 maluit.

545 2398 661 2448 Nec
703 2414 972 2465 superesse
1013 2401 1191 2451 decori
1238 2417 1331 2451 sno
1373 2401 1539 2452 voluit

472 2474 698 2538 juvenis,
721 2484 776 2524 et
815 2477 952 2525 diem
990 2478 1282 2540 nuptiarum
1319 2478 1538 2526 incesta-

481 2563 596 2597 rum
633 2550 809 2612 elegit,
849 2557 908 2599 ut
954 2553 1046 2599 tali
1097 2558 1334 2614 tempore
1376 2554 1537 2615 majus

481 2621 651 2670 odium
675 2623 726 2671 in
761 2626 969 2687 nuptias
993 2626 1125 2689 illas,
1147 2634 1202 2676 et
1224 2628 1274 2675 in
1300 2634 1537 2676 auctores

482 2699 663 2748 mortis
706 2701 1028 2762 concitaret3
1080 2704 1164 2752 vel
1209 2703 1367 2752 etiam
1414 2717 1538 2752 non-

483 2775 625 2825 nulla
646 2775 810 2825 adhuc
831 2791 941 2839 spe.

545 2848 570 2882 ¹¹
605 2853 803 2901 Calvina
823 2867 956 2901 soror
993 2853 1113 2916 φίιε]
1176 2854 1412 2902 Fortasse
1448 2854 1539 2902 illa

484 2940 598 2990 qnae
641 2927 797 2975 vitam
842 2928 1089 2989 produxit
1129 2928 1194 2976 ad
1232 2928 1538 2990 Vespasiani

484 3000 772 3063 imperium,
792 3000 860 3049 de
882 3016 983 3065 qua
1002 3003 1145 3051 Suet.
1169 3017 1286 3064 cap.
1310 3007 1392 3051 23.
1412 3004 1538 3051 Ves-

484 3088 593 3137 pss.
637 3075 652 3101 ‘
679 3074 808 3123 Cum
847 3076 1165 3124 Mausoleum
1205 3083 1421 3139 repente
1452 3091 1539 3138 pa·

485 3152 690 3213 ruisset,
712 3152 776 3199 ad
799 3153 833 3202 J
839 3153 1006 3200 uniam
1032 3154 1292 3202 Calvinam
1331 3169 1361 3203 e
1384 3160 1541 3217 gente

484 3223 704 3288 Augusti
752 3228 1016 3289 pertinere
1071 3228 1309 3278 dicebat?
1404 3230 1539 3278 Nam

484 3298 643 3348 Silani
685 3300 773 3348 isti
816 3302 954 3350 inter
997 3303 1283 3366 abnepotes
1321 3303 1542 3367 Augusti

482 3371 713 3435 fuerunt,
730 3381 790 3423 ut
811 3375 995 3424 dicam.
1061 3378 1268 3441 Lipsius.

552 3453 750 3501 Calvina
789 3468 922 3500 soror
959 3453 1053 3513 qy‘us
1093 3456 1241 3504 Italia
1277 3458 1410 3518 pulsa
1449 3456 1545 3519 est]

485 3529 586 3578 sed
630 3544 750 3578 mox
791 3531 1036 3580 restituta
1074 3549 1105 3580 a
1147 3535 1359 3583 Nerone
1403 3536 1541 3597 prin-

483 3603 635 3666 cipe3
688 3619 873 3666 nempe
908 3613 1027 3668 post
1047 3618 1280 3669 necatam
1300 3608 1543 3671 Agrippi-

483 3691 621 3739 nam,
643 3681 786 3742 quasi
818 3681 895 3728 sic
932 3682 1262 3742 parricidium
1287 3684 1541 3732 redemtu-

483 3768 571 3810 rus
609 3752 764 3804 esset.
851 3756 980 3804 Tac.
1005 3769 1119 3807 xiv.
1144 3761 1225 3806 12.
1257 3759 1274 3785 ‘
1297 3759 1540 3808 Ceterum

484 3843 584 3894 qno
608 3836 844 3891 gravaret
872 3831 1114 3880 invidiam
1153 3835 1345 3896 matris,
1376 3850 1540 3898 eaque

486 3904 711 3966 demota,
732 3911 932 3954 anetam
954 3907 1222 3956 lenitatem
1257 3924 1401 3957 suam
1440 3916 1541 3958 tes-

484 3978 785 4041 tificaretur,
812 3979 1040 4029 foeminas
1078 3983 1299 4033 illustres
1334 3985 1542 4035 suniam

487 4061 544 4104 et
581 4054 947 4117 Calpurniam,
976 4059 1074 4105 διο.
1120 4058 1325 4107 sedibus
1363 4060 1543 4123 patriis

487 4126 752 4178 reddidit.’
1492 4152 1499 4157 -

549 4202 562 4238 ¹
615 4202 820 4255 Addidit
865 4198 1095 4256 Claudius
1129 4208 1286 4273 sacra]
1368 4207 1554 4269 Vertit-⁵

1611 1729 1762 1785 patet
1795 1736 1862 1770 ex
1899 1722 2100 1784 Tacito,
2122 1735 2188 1771 sn
2221 1723 2275 1772 id
2308 1722 2568 1771 addiderit
2599 1738 2667 1772 ex

1613 1875 1714 1922 alio
1749 1874 1925 1935 titulo,
1954 1888 2021 1923 nn
2057 1888 2183 1922 vero
2218 1879 2499 1938 propterea
2528 1888 2672 1922 sena·

1614 1948 1985 1997 tusconsultum
2032 1949 2367 2012 expresserit,
2400 1956 2457 1998 ct
2506 1949 2560 1998 i‘n
2616 1948 2672 1997 id

1612 2023 1824 2084 proprie
1861 2022 1977 2071 fieri
2008 2022 2227 2086 jusserit
2259 2023 2528 2073 decretum
2567 2023 2670 2072 Pa·

1612 2103 2015 2236 tmgluti-oceumque
2057 2172 2211 2222 modo
2253 2173 2540 2223 deridiculo
2571 2171 2673 2223 fuit

1616 2247 1892 2308 Claudius3
1941 2250 2134 2314 quippe
2169 2250 2243 2298 sic
2281 2249 2445 2312 magis
2472 2250 2674 2299 histori-

1617 2337 1733 2371 cum
1782 2329 1872 2371 aut
1917 2323 2219 2382 histrionem
2263 2324 2473 2387 agebat,
2518 2338 2686 2387 quam

1616 2397 1918 2462 principem.
1981 2398 2069 2447 Sic
2088 2404 2243 2447 antea
2273 2399 2504 2448 historiae
2525 2398 2673 2448 fabu-

1617 2474 1739 2522 laris
1760 2475 1927 2523 sciens
1962 2480 2017 2523 e‘t
2052 2488 2226 2523 amans
2255 2475 2507 2540 Tiberius,
2536 2476 2675 2525 thare

1617 2554 1665 2596 et
1702 2564 1827 2597 mero
1862 2548 2052 2612 libabat,
2090 2565 2207 2599 cnm
2246 2557 2482 2600 senatum
2504 2551 2676 2612 iniret,

1617 2633 1675 2674 ut
1700 2627 1819 2673 olim
1844 2626 2046 2686 Minos;
2079 2627 2265 2692 quibus
2288 2626 2496 2691 ineptiis
2516 2627 2674 2676 risum

1615 2713 1849 2748 meruere
1870 2700 2208 2749 dominantes.

1680 2774 1830 2823 Sacra
1850 2790 1911 2822 ca:
1932 2775 2112 2837 legibus
2133 2776 2279 2838 Tulli]
2333 2777 2454 2826 Non
2477 2778 2578 2826 alis
2600 2791 2678 2825 sa-

1618 2863 1709 2898 cra
1731 2849 2037 2914 piaculaque
2059 2851 2272 2915 recipio,
2303 2867 2454 2916 quam
2490 2853 2675 2918 quibus

1616 2925 1798 2973 Tullius
1821 2926 1941 2973 olim
1964 2939 2058 2974 rex
2093 2927 2147 2974 in
2192 2927 2407 2976 Horatio
2428 2928 2675 2977 sororium

1617 2998 1812 3047 caedem
1835 3000 1933 3048 luit
1955 3000 2305 3064 expiavitque.

1683 3075 1858 3124 Livius
1879 3093 1892 3124 ε
1942 3076 1958 3101 ‘
1983 3076 2169 3140 Itaque
2208 3083 2267 3126 ut
2305 3077 2477 3127 caedes
2514 3077 2680 3125 mani·

1619 3149 1758 3200 festa
1790 3151 1962 3214 aliquo
1984 3159 2156 3201 tamen
2194 3153 2399 3215 piaculo
2433 3152 2700 3216 lueretur,

1619 3227 1921 3290 imperatum
1962 3229 2118 3291 patri,
2150 3236 2210 3277 ut
2243 3228 2404 3277 filium
2439 3219 2680 3292 expiat-iet

1619 3302 1840 3365 pecunie
1860 3303 2082 3364 publica.
2148 3303 2202 3351 Is
2233 3302 2681 3366 quibusdawpia-

1583 3400 1588 3406 ¹
1621 3378 1879 3427 cularibus
1900 3378 2161 3428 sacrificiis
2184 3377 2337 3429 factis
2374 3383 2512 3442 (quae
2534 3380 2681 3428 dein-

1623 3451 1689 3499 de
1710 3453 1853 3513 genti
1872 3453 2102 3501 Horatiae
2126 3454 2316 3502 tradita
2340 3453 2483 3518 sunt)
2519 3462 2682 3503 traus-

1622 3528 1776 3576 misso
1800 3543 1892 3590 per
1913 3530 2049 3576 viam
2069 3530 2255 3591 tigillo,
2285 3530 2427 3578 velut
2466 3530 2561 3579 sub
2592 3531 2681 3594 ju·

1623 3619 1741 3667 gum
1762 3604 1904 3652 misit
1915 3604 2195 3668 juvenem!
2393 3663 2398 3669 ῃ

1685 3679 1982 3742 similiaque
2006 3681 2222 3742 Dionys.
2243 3680 2333 3728 lib.
2354 3693 2443 3729 ιη.
2484 3679 2569 3744 qui
2592 3679 2684 3729 nd·

1623 3753 1720 3815 dit,
1758 3768 1822 3801 ea
1862 3768 2010 3802 sacre
2052 3769 2146 3817 per
2186 3755 2468 3804 Pontifices
2505 3755 2700 3806 faeta:-

1622 3831 1991 3879 convenienter
2014 3845 2131 3878 cum
2170 3831 2230 3879 iis
2262 3845 2376 3895 quae
2414 3830 2499 3878 hie
2532 3831 2692 3881 Taci·'

1622 3913 1724 3955 tus.
1791 3906 1995 3967 Lipsius.

1686 3982 1872 4045 Sicque
1895 3981 2075 4028 eodem
2110 3982 2316 4044 piaculo
2337 3981 2498 4030 luitur
2515 3982 2684 4032 inces-

1624 4063 1735 4113 tum
1758 4072 1876 4105 cum
1899 4070 2092 4120 sorore,-
2129 4072 2245 4120 quo-
2266 4057 2377 4123 ipsa
2411 4057 2590 4108 caedes
2604 4073 2684 4110 so·

1624 4145 1771 4181 roris.
