3100 4925
401 381 459 446 .ἳὶ
476 391 539 445 e.
561 373 685 455 so.]·‘
729 428 731 431 Α

1091 375 1500 436 smmum:
1547 388 1696 440 ΜΒ.
1740 389 1885 442 1112

2418 379 2603 447 1157

400 536 743 614 expertos:
771 527 1139 596 Audivisse
1167 545 1210 594 a
1238 532 1637 614 parentibu3‚
1667 533 1915 600 vidisse
1941 535 2181 618 ipsos:
2197 537 2399 621 arripi
2437 535 2594 603 con-‘-

393 630 596 714 juges
624 631 713 696 ad
756 632 948 696 libita
997 630 1337 696 Caesarum
1357 641 1399 698 :⁸
1465 634 1700 717 procul
1743 635 1814 699 id
1843 656 1887 701 a
1910 638 2218 720 praesenti
2244 637 2589 705 modestia.

409 840 513 891 ms,
532 828 862 891 conspexisse
881 828 1034 892 ipsos,
1055 828 1243 879 abduci
1268 844 1456 881 uxores
1479 830 1546 880 ad
1565 831 1828 882 libidinem
1852 833 2172 914 principum3
2205 835 2358 898 longe
2380 803 2589 886 differre

1379 1008 1597 1060 NOTAE

398 1117 490 1166 sed
514 1117 738 1182 aperire,
777 1123 833 1167 et
866 1119 1072 1183 quidem
1095 1121 1189 1170 sic‘
1211 1122 1451 1185 quemad-

398 1192 606 1240 modum
631 1193 810 1241 amicae
832 1195 992 1243 solet:
1028 1211 1146 1259 qnae
1165 1196 1207 1245 si
1229 1197 1453 1261 impulit,

397 1273 542 1331 grata
564 1274 677 1318 est:
713 1269 927 1331 gratior,
948 1270 989 1318 si
1013 1269 1314 1333 effregerit?

404 1381 409 1386 .
461 1342 658 1393 Iterum
679 1345 864 1406 scribe,
885 1348 968 1394 sed
997 1347 1213 1408 operire,-
1267 1337 1450 1410 idest,

393 1418 579 1469 leviter
606 1420 889 1482 obducere,
926 1436 1191 1484 opponere
1230 1424 1450 1472 ostium:

393 1509 460 1544 ne
483 1503 666 1558 pereat
690 1496 829 1545 dicto
850 1511 945 1546 sua
965 1499 1160 1547 Venus.
1226 1498 1435 1561 Lipsius.

465 1572 623 1621 Vidua
631 1571 942 1634 jungeretur]
965 1571 1243 1622 Patefacta
1257 1574 1449 1637 nuptiis

392 1646 562 1708 domo,
587 1661 650 1695 ne
672 1661 801 1710 opus
821 1652 961 1695 esset
994 1647 1252 1697 abducere
1285 1661 1397 1696 eam
1418 1662 1450 1697 a

390 1724 607 1772 marito:
662 1723 795 1787 quod
835 1723 976 1786 prius
1006 1721 1272 1786 Augustus
1294 1729 1447 1786 atque

390 1798 639 1862 Caligula,
677 1806 733 1849 et
770 1798 958 1848 deinde
1004 1800 1149 1847 Nero
1191 1798 1444 1851 fecerunt.

389 1873 506 1925 Quo
546 1875 703 1923 etiam
750 1874 1012 1937 pertinere
1049 1874 1290 1932 arbitror,
1329 1887 1444 1938 quae

385 1950 564 1999 statim
589 1957 899 2015 sequuntur:
949 1951 966 1977 ⁴
990 1951 1319 1999 statueretur
1349 1951 1457 1998 im-·

384 2040 469 2076 mo
493 2026 875 2086 documentum,
897 2041 998 2091 quo
1035 2039 1247 2075 uxorem
1280 2027 1442 2089 impe·

384 2108 529 2152 rator
553 2101 848 2165 acciperet,’
871 2115 973 2150 non
997 2107 1240 2164 raperet3
1273 2116 1439 2165 eoque

383 2193 536 2228 sensu
557 2177 769 2227 defendi
791 2183 963 2241 potest
983 2176 1086 2225 ista
1107 2176 1274 2226 oratio
1289 2193 1317 2224 2¹
1341 2191 1440 2225 nec

381 2268 510 2318 opus
552 2261 651 2316 est,
689 2260 746 2302 ut
786 2267 1005 2317 pro,quo
1034 2265 1245 2312 uxorem,
1279 2253 1460 2314 legas,

379 2344 478 2392 φιο,
507 2332 638 2379 modo
669 2342 890 2377 uxorem.-
939 2322 1081 2391 quod
1113 2326 1330 2390 putabat
1361 2326 1437 2375 vir

377 2405 718 2455 doctissimus.
753 2404 1116 2453 Freinshemius.

452 2485 630 2548 Vidua]
667 2487 869 2547 Nempe
890 2484 1060 2547 Crispi
1088 2481 1345 2545 Passieni,
1366 2482 1432 2532 de

377 2573 475 2623 quo
489 2559 563 2608 sic
577 2559 882 2608 scholiastes
901 2563 1046 2607 vetus
1062 2559 1098 2608 J
1101 2558 1328 2606 uvenalis
1351 2572 1436 2606 cu-

374 2634 512 2684 riose
533 2635 713 2684 retulit
734 2634 800 2684 ad
818 2628 1020 2684 versum
1034 2634 1144 2684 Sat.
1160 2646 1238 2681 xv.
1260 2635 1276 2662 ‘
1293 2634 1437 2684 venit

372 2712 429 2760 et
448 2710 616 2774 Crispi
623 2709 856 2774 jucunda
865 2709 1135 2775 senectus?
1163 2712 1179 2739 ‘
1193 2709 1435 2772 Crispus,’

371 2785 554 2850 inquit,
594 2787 610 2814 ‘
633 2787 897 2851 municeps
913 2786 1229 2836 Viselliensis
1253 2787 1430 2851 tiroci-

374 2862 458 2912 nio
496 2878 587 2913 suo
610 2863 663 2912 in
696 2868 878 2913 senatu
899 2864 972 2912 ita
1003 2863 1188 2926 coepit:
1244 2863 1426 2912 Patres

376 2938 692 3004 conscripti,
734 2945 790 2988 et
835 2945 893 2988 tu
936 2940 1144 3005 Caesar:
1213 2945 1427 3008 propter

370 3013 506 3075 quod
560 3013 708 3062 simul
763 3012 1043 3075 oratione,'‘
1078 3012 1274 3077 (malim
1318 3028 1433 3062 ora·

371 3086 581 3148 tionem,
604 3095 663 3136 ut
685 3088 875 3152 duplex
891 3103 1047 3139 causa
1066 3088 1233 3137 laudis
1249 3085 1426 3148 fuerit,

370 3168 425 3210 et
448 3163 661 3212 libertas
684 3170 736 3212 et
759 3161 1077 3227 eloquentia)
1097 3163 1112 3189 ‘
1134 3162 1432 3224 plenissime

371 3254 402 3288 a
420 3240 634 3289 Tiberio
657 3241 998 3302 collaudatus,
1020 3240 1268 3303 plurimas
1279 3254 1427 3304 spon-

367 3312 421 3365 te
459 3331 638 3366 causas
674 3317 811 3381 apud
846 3317 906 3366 C.
930 3318 995 3366 V,
1018 3315 1158 3379 egit3
1209 3329 1302 3378 Pro
1324 3330 1426 3379 qua

368 3392 426 3440 r'e
448 3391 502 3440 in
525 3392 746 3441 Basilica
768 3386 926 3452 Julia,
948 3392 1058 3455 ejus
1098 3396 1270 3439 statua
1294 3390 1427 3452 posi-

370 3472 425 3515 ta
446 3472 544 3515 est.
614 3466 919 3516 Consulatus
942 3467 1069 3516 duos
1087 3466 1262 3529 gessit.
1319 3466 1426 3514 Ux-

369 3555 482 3590 ores
504 3541 683 3589 habuit
706 3541 852 3603 duas,
873 3542 1092 3604 primam
1121 3540 1423 3604 Domitiam,

352 3617 555 3666 -deinde
599 3615 960 3680 Agrippinam,
1001 3617 1140 3666 illam
1195 3616 1422 3679 amitam,

366 3690 495 3739 lianc
522 3699 740 3740 matrem
762 3692 984 3740 Neronis
1009 3692 1249 3740 Caesaris.
1298 3691 1422 3741 Pos-

365 3766 500 3819 sedit
525 3766 602 3814 bis
631 3766 768 3814 mille
807 3767 1048 3815 sestertia
1066 3766 1096 3827 ;’
1147 3766 1335 3830 scribo,
1354 3767 1423 3815 bis

364 3840 533 3889 millies
552 3842 851 3890 sertertium.-
904 3842 1026 3906 quia
1062 3844 1211 3892 homo
1238 3842 1423 3906 praedi-

364 3929 470 3978 ves,
493 3920 550 3964 et
567 3917 842 3966 Suetonius
864 3917 956 3978 ait,
977 3918 1236 3966 Neronem
1257 3917 1422 3965 haere-

360 3983 527 4051 ditate
559 3993 672 4055 ejus
704 3991 944 4054 ditatum,
981 3993 996 4021 ‘
1021 3993 1243 4041 omnium
1282 3992 1433 4055 prim.

360 4065 533 4129 cipum
573 4067 791 4131 gratiam
833 4067 1108 4132 appetivit,
1145 4066 1237 4116 sed
1274 4078 1427 4130 ‘prae-⁵

360 4141 512 4205 cipue
547 4142 786 4207 Caesaris,
820 4158 970 4208 quem
1006 4144 1119 4193 iter·
1140 4142 1420 4209 facientem

358 4225 569 4269 secutus
601 4224 685 4268 est
719 4220 955 4284 pedibus.
1021 4221 1147 4287 Hic,
1168 4219 1437 4271 null'oiaus.

1531 1123 1727 1185 diente,
1748 1139 1780 1173 a
1812 1125 1937 1175 Caio
1957 1124 2319 1189 interrogatus,
2351 1117 2590 1176 haberet-

1530 1213 1614 1261 ne,
1651 1200 1785 1264 sicut
1819 1202 1949 1264 ipse,
1984 1216 2102 1250 curn
2137 1216 2305 1250 sorore
2341 1216 2590 1265 germana

1531 1276 1989 1325 consuetudinem?
2074 1276 2336 1337 Nondum,
2401 1276 2606 1340 inquit,.

1531 1351 1857 1412 quantumvis
1914 1351 2174 1399 decenter
2206 1358 2263 1399 et
2305 1358 2475 1414 caute,
2517 1366 2588 1402 ne

1530 1431 1623 1474 aut
1642 1439 1855 1488 negans,
1877 1439 1995 1474 eum
2018 1432 2281 1489 argueret,
2303 1432 2395 1476 aut
2416 1441 2589 1476 assen-

1531 1500 1683 1562 tiens,
1702 1509 1866 1549 semet
1893 1501 2163 1550 mendacio
2200 1501 2598 1552 dehonestat-eta

1531 1574 1699 1623 Periit
1720 1589 1817 1638 per
1837 1574 2071 1625 fraudem
2093 1576 2408 1640 Agrippinae,
2430 1593 2584 1642 quam

1526 1650 1789 1699 haeredem
1831 1651 2127 1716 reliquerat,
2146 1659 2203 1701 et
2235 1651 2419 1702 funere
2454 1655 2596 1718 pub--

1525 1727 1628 1775 lico
1644 1727 1810 1776 elatus
1828 1727 1938 1777 est!

1591 1802 1732 1851 Scita
1772 1802 2171 1863 narratiuncula,
2203 1817 2364 1866 quam·
2397 1803 2586 1853 scholi-

1525 1886 1663 1927 astes
1700 1878 1865 1926 refert
1886 1878 1951 1926 ad
1980 1878 2219 1940 Crispum,
2242 1878 2329 1941 qui
2355 1877 2452 1927 sub
2473 1879 2580 1928 Do-

1523 1955 1754 2003 mitiano.
1842 1953 2006 2016 Atqui
2052 1952 2210 2001 Vibius
2249 1952 2337 2001 ille
2375 1953 2584 2004 nomine

1519 2029 1649 2080 fuit:
1704 2044 1801 2078 nec
1835 2029 2088 2093 quadrant
2114 2029 2228 2078 haec
2258 2029 2312 2077 in
2347 2041 2481 2090 eum,
2519 2039 2592 2081 reb

1521 2113 1612 2155 aut
1634 2121 1761 2163 aevo,
1784 2121 1899 2169 quae
1921 2105 2005 2154 hic
2030 2106 2185 2154 dicta.

1585 2182 1672 2230 De
1725 2187 1893 2230 morte
1936 2187 2110 2229 autem
2150 2180 2382 2241 hominis,
2438 2181 2574 2244 quod

1520 2258 1849 2307 Hieronimus
1872 2270 1995 2306 ecce
2018 2257 2272 2305 Chronico
2301 2270 2415 2304 eam
2436 2257 2590 2319 prin--

1516 2331 1631 2397 cipe
1657 2332 1894 2395 Caligula
1929 2332 2092 2395 ponit,
2112 2345 2241 2379 anno
2264 2331 2374 2393 ejus
2395 2344 2582 2382 secun·-

1515 2408 1583 2457 do
1600 2423 1614 2457 z
1650 2409 1665 2436 ‘
1681 2396 1958 2456 Passienus
1978 2405 2132 2468 filius,
2145 2404 2332 2455 fraude
2350 2406 2574 2458 haeredis

1514 2490 1618 2535 su'ae
1644 2491 1859 2534 necatur
1876 2483 1907 2532 ι’
1955 2470 2078 2532 sa'ne
2104 2482 2284 2531 falsum
2303 2488 2401 2532 est.
2437 2484 2588 2532 Con--

1515 2566 1623 2610 stat
1656 2560 1810 2621 enim,
1832 2560 1924 2609 sub
1946 2559 2097 2608 initia
2128 2558 2331 2608 Claudii
2360 2559 2582 2623 obiisse,-

1515 2651 1579 2686 ex
1597 2636 1833 2685 Suetonii
1855 2635 2065 2684 Nerone
2083 2635 2254 2697 capite
2275 2639 2323 2683 6.

1576 2709 1867 2774 Agrippina
1901 2707 1976 2756 illi
2008 2708 2193 2768 haeres,
2225 2711 2240 2736 ‘
2265 2713 2319 2756 et
2341 2722 2436 2770 per
2458 2709 2584 2771 ejus

1506 2784 1782 2845 fraudem,'
1819 2789 1879 2832 ut
1922 2783 2115 2832 diserte
2169 2783 2223 2830 in
2274 2783 2576 2840 scholiastae,

1505 2863 1749 2913 extremis
1763 2860 1846 2909 hic
1867 2859 2036 2909 verbis
2059 2857 2205 2920 legis,
2224 2856 2396 2920 periit.

1571 2946 1596 2980 ‘¹
1630 2938 1731 2987 Sua
1782 2941 1982 2987 tantum-
2010 2933 2325 2982 matrimonia.
2349 2933 2581 2997 experto}

1507 3015 1643 3067 Quia
1662 3029 1849 3077 nempe
1880 3013 2074 3062 alienas
2098 3024 2284 3059 uxores
2306 3024 2564 3074 uunquam

1506 3094 1771 3153 rapuerat,
1806 3094 1895 3137 aut
1927 3086 2234 3146 abduxerat,
2267 3091 2327 3134 ut
2364 3084 2584 3148 Augus--

1509 3170 1590 3214 tus
1608 3183 1623 3226 ς
1672 3169 1728 3213 et
1750 3163 2010 3227 praecipue
2050 3162 2302 3223 Caligula,
2325 3160 2411 3224 qui
2434 3175 2561 3211 uun-

1507 3253 1661 3302 quam
1693 3237 1861 3298 duxit,
1896 3236 1985 3285 sed
2026 3235 2244 3284 abduxit
2285 3234 2519 3285 foeminas
2543 3252 2562 3285 a

1504 3312 1854 3361 matrimonium
1875 3317 1931 3360 et
1950 3325 2073 3359 uxor
2092 3324 2184 3373 pro
2208 3309 2389 3360 eodem
2409 3318 2507 3365 est,
2561 3302 2578 3361 ’,

1568 3394 1589 3421 ¹
1617 3388 1801 3437 Vidisse
1822 3386 1968 3450 ipsos]
2001 3386 2244 3449 Principe
2265 3386 2409 3434 Caio.
2442 3387 2564 3450 up«

1500 3478 1615 3512 πω·
2563 3493 2569 3519 ;

1568 3540 1588 3569 ⁸
1617 3537 1699 3587 Aa
1720 3535 1856 3585 tib-’ta
1882 3535 2145 3602 Coesmm]
2177 3538 2335 3586 Forte
2358 3535 2559 3600 Augus·

1501 3618 1611 3662 tum
1637 3612 1801 3676 ipsum
1840 3611 2112 3676 intelligit,
2143 3612 2236 3660 sed
2273 3613 2559 3675 praesertim
2652 3641 2656 3646 ·

1503 3691 1564 3740 C.
1603 3689 1908 3752 Caligulam,
1942 3688 2007 3738 de
2065 3703 2166 3752 quo
2203 3689 2366 3739 Suet..
2392 3690 2564 3754 Calig,

1502 3776 1636 3816 xxv.
1687 3765 1926 3814 ‘Liviam
1958 3764 2259 3814 Orestillam
2300 3765 2361 3814 C.
2381 3765 2570 3814 Pisoni-

1501 3843 1802 3902 nubentem,
1834 3856 1963 3892 cum.
1993 3840 2059 3889 ad
2090 3839 2312 3889 officium
2350 3845 2406 3890 et
2445 3840 2574 3904 ipse·

1503 3918 1745 3980 venisset,
1768 3916 1833 3965 ad
1856 3929 1912 3964 se
1940 3914 2130 3964 deduci
2168 3916 2560 3979 imperavit‚·in-

1501 3999 1897 4058 traquepaucos
1917 3991 2029 4040 dies
2066 3991 2387 4053 repudiatam
2413 3991 2562 4042 bien-

1498 4069 1584 4119 nio
1629 4074 1749 4133 post
1788 4068 2059 4130 relegavit,
2103 4068 2238 4132 quod
2303 4069 2572 4132 repetisse-

1498 4159 1646 4195 usum
1681 4144 1863 4208 prioris
1902 4143 2075 4192 mariti
2108 4150 2344 4206 tempore
2388 4143 2562 4213 medio.

1497 4213 1802 4283 videbatur(
1855 4218 1961 4273 Alii
1996 4218 2228 4279 tradunt,
2271 4219 2555 4275 adhibitum
