3100 4925
395 354 564 443 ae.
588 389 710 453 514
1144 383 1556 441 summum,
1596 385 1753 445 mn.
1799 385 1942 439 xu.

2459 372 2639 444 1233.

511 528 617 592 34.
661 525 775 591 Ad
817 527 942 590 hoc
974 527 1261 615 gentium
1284 525 1644 590 Ductoresr
1669 527 2037 612 circumire,
2063 527 2337 607 hortari,
2364 529 2628 601 firmare

373 676 382 681 »
428 629 707 706 animOS,
734 628 1089 692 minuendo
1118 635 1319 704 metu,
1352 628 1784 696 accendenda
1813 648 1957 711 spe,
2002 630 2286 713 aliisque
2326 631 2485 695 belli
2524 626 2635 698 *in-1

427 732 819 801 cssamentiss
845 744 880 791 “.
905 730 1261 811 Enimvero
1277 729 1698 799 Caractacus
1724 732 2043 802 hucaeilluc
2066 732 2373 810 volitans,
2400 737 2425 791 .‘
2445 733 2632 807 illum

427 831 842 913 'dieunhillam
868 829 1130 907 aciem,’.
1152 832 1534 907 testabatur,
1577 835 1734 922 {aut
1779 832 2220 915 reciperandae
2243 841 2265 901 ¹,
2290 834 2665 913 libertafiS„-
2693 876 2701 884 -

430 916 544 998 aut
600 933 939 997 servitutis
999 937 1266 1019 aeternae*
1295 998 1298 1001 ,
1323 932 1583 1003 initium
1635 932 1834 1000 forez’
1896 935 2335 1018 vocabatque,
2363 936 2632 1015 nomina
2696 938 2701 941 ’

429 1073 436 1076 ’
495 1058 741 1130 Proeterea
762 1064 1003 1129 nationum
1023 1083 1161 1129 duces
1180 1081 1412 1130 cursitare
1442 1081 1634 1144 passim,
1664 1074 1891 1141 incitare,
1916 1084 2163 1131 accendere
2183 1083 2378 1144 animos,
2411 1053 2632 1133 demendo
2662 1097 2673 1107 ·

422 1140 749 1208 sommium,
771 1143 992 1206 erigendo
1009 1158 1154 1208 spem,
1184 1147 1384 1209 aliisque
1416 1146 2065 1209 militaribusfiortqmentis„
2114 1147 2184 1195 Et
2213 1147 2324 1210 ipse
2350 1148 2637 1198 carectum

431 1211 525 1259 tun
544 1215 592 1258 et
607 1211 722 1261 illuc
742 1212 980 1269 advolans,
1014 1210 1304 1270 clamitabat,
1336 1211 1478 1258 illum
1514 1210 1671 1271 diem,
1706 1211 1845 1259 illam
1880 1225 2122 1273 pugnam,
2159 1211 2469 1274 principium
2500 1210 2634 1276 fore,

429 1280 526 1325 aut
538 1273 852 1339 recipienda:
871 1274 1143 1337 libertatis,
1159 1280 1250 1347 aut
1271 1281 1540 1341 perpetuae
1561 1274 1824 1324 servitutis
1839 1292 1852 1335 ;
1875 1274 2114 1338 ciebatque
2124 1274 2346 1326 vocabula
2361 1276 2630 1351 maiorum,

1360 1437 1711 1457 ““““““““

1143 1505 1189 1548 1.
1206 1472 1556 1565 Recuperandae
1579 1464 1884 1553 Gronovius..

1416 1615 1628 1665 NOTAE

433 1709 555 1772 cati,
587 1724 646 1758 ac
681 1710 876 1759 leviora
920 1718 1041 1774 saga
1075 1709 1244 1771 induti
1285 1710 1487 1773 prodie-
1572 1726 1627 1761 ro
1665 1718 1977 1761 armatorum
2016 1725 2194 1760 manus
2230 1709 2382 1761 facile
2426 1713 2622 1767 laseivi-

431 1788 566 1834 runt.
632 1785 959 1835 Gaesatarum
978 1800 1097 1834 vero
1119 1791 1267 1834 tanta
1287 1785 1387 1835 fuit
1405 1801 1489 1835 va·
1571 1787 1697 1837 unt!

430 1859 586 1922 nitaS,
626 1866 773 1911 tanta
816 1860 1145 1924 confidentia,
1181 1869 1238 1908 ut
1282 1860 1487 1910 braccis
1634 1873 1659 1905 (ι
1693 1865 1793 1912 Pro
1815 1860 2138 1925 munimentis]
2173 1862 2258 1912 An
2280 1863 2432 1926 intra,
2452 1878 2515 1912 an
2538 1880 2624 1914 ex-

431 1937 661 2001 sagisque
679 1937 1179 2001 abjectiS,n11dicum
1197 1937 1315 1986 solis
1336 1938 1488 1986 armis
1570 1946 1654 1988 tra
1677 1939 1992 1987 munimenta
2015 1953 2106 1987 sua
2126 1939 2501 1989 constiterant?
2535 1955 2626 2003 pu-

427 2013 620 2076 primos
642 2013 856 2070 ordines,
871 2012 1242 2079 occuparentst

492 2088 562 2142 Et
584 2086 750 2137 infra:
785 2090 799 2115 ‘
819 2088 1079 2149 Terribilis
1103 2095 1215 2149 erat
1238 2094 1486 2152 tum-spe·

432 2160 560 2224 cies,
597 2168 704 2212 tum
730 2171 898 2212 motus
921 2154 1159 2225 ¹illorum,
1197 2163 1284 2228 qui
1322 2165 1488 2227 prima

427 2237 540 2295 acie
558 2238 683 2286 nudi
703 2239 937 2297 stabant:
977 2240 1069 2287 viri
1089 2246 1145 2287 et
1167 2237 1291 2288 flore
1315 2240 1485 2290 aetatis

429 2318 484 2369 et
507 2327 781 2376 corporum
802 2312 965 2373 forma
987 2315 1329 2377 praestantes?

494 2390 755 2453 Maiorem]
795 2392 1015 2440 Pausan.
1037 2391 1296 2440 PhociciS.
1317 2390 1403 2440 ubi
1426 2392 1492 2441 de

430 2467 641 2519 Brenno
659 2476 736 2524 „et
777 2469 945 2519 Gallis
989 2470 1053 2517 ad
1063 2484 1233 2518 versus
1276 2468 1490 2519 Graecos

433 2543 814 2597 dimicantibus.
880 2545 938 2592 Οἱ
960 2544 1009 2593 δὲ
1032 2544 1288 2608 ἀρχομένης
1305 2543 1390 2605 μὲν
1406 2547 1493 2603 τῆς

429 2618 604 2682 μάχης,
640 2621 718 2669 καὶ
743 2619 957 2681 μάλιστα
979 2622 1023 2669 οἱ
1042 2620 1145 2683 περὶ
1161 2620 1262 2690 ,τὸν
1282 2620 1493 2683 Βρέννον,
1530 2621 1533 2624 ’

423 2694 559 2762 ,ρῦτοι
591 2696 643 2745 δὲ
674 2696 893 2757 μήκιστοί
912 2716 966 2746 τε
988 2696 1111 2755 ἦσαν
1132 2696 1209 2746 καὶ
1229 2695 1491 2756 ἀλκιμώτα-

431 2790 505 2821 τοι
526 2775 618 2820 τῶν
641 2776 882 2837 Γαλατῶν,
904 2778 1002 2822 &c.
1040 2775 1054 2801 ‘
1080 2773 1167 2822 Illi
1190 2779 1362 2835 coepta
1385 2772 1492 2836 qui-

434 2848 550 2897 dem
586 2864 778 2913 pugna,
814 2855 868 2897 et
907 2849 1196 2912 praesertim
1227 2849 1313 2913 qui
1354 2849 1494 2897 circa

423 2924 716 2986 Brennum,
767 2930 963 2973 statura
1003 2922 1208 2986 proceri
1243 2928 1393 2972 erant
1432 2936 1491 2971 ac

434 2996 738 3058 ferocissimi
761 3000 860 3048 Gal
868 2998 1065 3047 lorum.’

417 3069 424 3072 ’
459 3127 464 3130 ,
500 3057 764 3138 Μαᾶοἶαηι]
806 3076 946 3124 Plut.
984 3075 1035 3123 in
1076 3071 1266 3135 Mario,
1298 3071 1386 3121 ubi
1424 3071 1489 3120 de

434 3152 615 3216 praelio
634 3152 980 3201 Cimbrorum:
1007 3152 1023 3179 ‘
1040 3148 1368 3199 Ferocissimi
1391 3147 1492 3197 for-

434 3227 715 3292 tissimique
737 3228 959 3278 hostium
984 3226 1206 3275 maxima
1238 3239 1305 3273 ex
1344 3230 1491 3287 parte

435 3303 733 3362 obtruncati
768 3310 904 3354 sunt.
971 3303 1109 3352 Nam
1142 3316 1209 3350 ne
1242 3300 1493 3350 distrahe-

437 3387 619 3438 rentur
662 3386 1220 3443 perrumperenturque
1273 3376 1493 3440 ordines,

321 3495 326 3499 -
415 3457 752 3525 ,antesignani
789 3469 878 3506 seu
911 3462 1199 3521 pugnantes
1236 3454 1290 3503 in
1328 3454 1495 3517 prima

435 3532 573 3597 acie,
605 3534 770 3597 longis
800 3534 1000 3605 catenis
1030 3532 1250 3582 invicem
1272 3531 1493 3580 connexi

437 3616 602 3672 erant,
635 3616 691 3658 et
722 3623 816 3673 per
838 3609 1035 3660 balteos
1073 3608 1221 3657 simul
1259 3605 1494 3656 obstricti

436 3682 805 3748 devinctique!
1224 3682 1227 3684 ’

359 3807 368 3816 ,
441 3807 450 3813 ,
506 3759 771 3822 Majorum]
825 3743 1048 3809 Videtur
1092 3758 1229 3808 idem
1285 3760 1538 3807 innuere·

438 3834 675 3898 TacituS,
697 3835 733 3884 l.
754 3849 817 3885 ιι.
843 3840 921 3885 14.
939 3836 1026 3884 ubi
1044 3835 1107 3883 de
1128 3836 1395 3884 Germanis
1422 3835 1495 3883 sic

437 3910 611 3974 habet,
627 3912 642 3937 ‘
665 3912 881 3974 primam
905 3912 1068 3961 aciem
1090 3919 1366 3976 utcumque
1387 3912 1498 3960 has·

440 3992 602 4050 tatam
619 3986 652 4035 ε’
699 3987 844 4051 quasi
875 3987 1019 4050 viris,
1064 3988 1234 4048 armis,
1278 3988 1496 4051 telisque

440 4063 705 4127 praecipue
724 4053 988 4112 firmarent
1009 4063 1200 4127 primos
1223 4063 1445 4113 ordines.

508 4139 801 4201 Catervaque
814 4136 1043 4197 majorum
1057 4144 1182 4188 coust
1188 4136 1385 4201 iterant]
1414 4138 1498 4186 Sic

435 4213 535 4269 lib.
557 4211 624 4262 de
645 4229 775 4263 mor.
800 4214 979 4264 Germ.
1004 4219 1086 4263 43.
1138 4216 1155 4244 ‘
1178 4214 1362 4265 Otiosa
1383 4228 1501 4279 por·
1579 4210 1975 4276 praefecerant?-

1411 4299 1414 4304 '
1453 4292 1606 4345 weit.
1883 4292 1897 4299 ”

574 4294 757 4359 napa.
778 4299 825 4345 et
851 4293 967 4346 ναν.
987 4294 1114 4349 ctas.

1570 2015 1856 2083 t0‚,ex'tra,
1887 2019 1946 2063 ut
1986 2028 2172 2078 nempe
2206 2014 2398 2063 diutius
2423 2015 2629 2082 coliibe-

1567 2095 1686 2138 rent
1704 2089 2054 2154 imminentem
2073 2089 2289 2152 hostem,
2304 2089 2628 2154 primnmque
2674 2084 2681 2093 ”

1565 2164 1814 2227 impetum
1861 2162 2229 2227 infringerent:
2273 2165 2409 2228 quod
2449 2172 2503 2213 et
2541 2165 2626 2214 fir·

1565 2245 1691 2301 mat,
1712 2238 1871 2287 fuisse
1896 2238 2128 2288 delectos
2151 2237 2446 2301 ferociores,
2472 2241 2626 2290 auda-

1569 2315 1857 2379 cioresque,
1884 2320 1940 2363 et
1965 2315 2124 2363 veluti
2143 2314 2330 2364 robora
2350 2317 2627 2367 Britanno-

1571 2405 1703 2439 rum.
1925 2380 1931 2385 *
2608 2434 2612 2439 .

1633 2468 1719 2517 Sic
1742 2465 1917 2516 Livius
1939 2469 1975 2517 l.
2001 2480 2148 2517 xxix.
2181 2468 2195 2495 ‘
2223 2468 2275 2518 N
2280 2482 2344 2519 on
2379 2469 2469 2519 illa
2492 2472 2629 2521 ordi-

1569 2549 1690 2593 nata
1710 2558 1804 2607 per
1812 2534 2074 2614 principes
2090 2546 2422 2610 hastatosque
2437 2554 2493 2596 et
2508 2548 2629 2596 tria-

1572 2619 1693 2682 rios,
1716 2635 1810 2669 nec
1833 2625 1893 2668 ut
1927 2635 2022 2682 pro
2043 2620 2210 2683 signis
2248 2624 2628 2685 antesignanus,

1572 2702 1690 2758 post
1719 2695 1869 2758 signa
1905 2696 2008 2743 alia
2042 2703 2299 2759 pugnaret
2331 2699 2500 2762 acieS,'
2531 2703 2628 2750 &a

1573 2786 1667 2834 pro
1688 2771 1864 2832 signis,
1888 2770 1941 2818 id
1960 2777 2057 2831 est,
2077 2778 2198 2819 ante
2217 2771 2381 2835 signa.

1637 2853 1656 2877 ¹
1691 2847 1915 2894 Gentium
1936 2846 2171 2908 ductores]
2205 2847 2277 2895 Hi
2305 2848 2480 2911 populi
2514 2848 2627 2898 fere

1573 2937 1688 2971 suos
1720 2921 1979 2970 habebant
2001 2923 2265 2985 Dynastas·
2295 2930 2350 2971 et
2385 2926 2629 2987 ReguIOS,

1574 3000 1662 3063 qui
1700 2999 1835 3047 inter
1857 3013 1911 3047 se
1934 2998 2083 3047 bellis
2121 2998 2419 3049 domesticis
2454 3000 2629 3050 decer-

1570 3075 1779 3124 tabant:
1820 3075 1906 3138 qui
1932 3081 2100 3123 tamen
2125 3080 2359 3137 tempore
2394 3076 2518 3124 belli
2539 3091 2627 3125 ex-

1572 3153 1707 3202 terni
1738 3152 1790 3199 in
1815 3166 2081 3200 commune
2105 3153 2450 3213 consulentes,
2473 3153 2631 3215 elige-

1572 3227 1700 3277 bant
1733 3241 1847 3275 eum
1886 3241 2078 3290 regem,
2119 3227 2206 3291 qui
2242 3228 2641 3278 maxima-belli

1572 3302 1712 3352 fama
1734 3303 2078 3364 praecelleret.

1639 3371 1725 3426 S'ic
1767 3382 1886 3440 post
1922 3373 2277 3440 Cdractacum,
2313 3379 2509 3427 electus
2543 3383 2629 3426 est

1572 3456 1854 3505 Venusinis:
1890 3456 1966 3504 sic
2002 3462 2234 3518 tempore
2266 3455 2485 3505 Caesaris
2520 3455 2629 3504 dic-

1576 3534 1771 3594 tatoris,
1807 3532 2011 3595 elegere
2048 3531 2504 3591 Cassivellaunum,
2540 3532 2631 3595 qui

1574 3608 1710 3658 bello
1736 3614 1982 3671 praeesset
2005 3606 2244 3656 adversus
2269 3607 2541 3656 Romanos.

1643 3686 1778 3735 Caes.
1795 3685 1828 3732 l.
1847 3699 1900 3733 v,
1925 3687 1938 3712 ‘
1954 3685 2159 3734 Summa
2182 3683 2384 3746 imperii
2404 3683 2628 3748 bellique

1579 3758 1961 3808 administrandi
1984 3759 2240 3809 communi
2278 3759 2489 3809 consilio
2514 3775 2630 3823 per·

1576 3834 1739 3884 missa·
1775 3835 2176 3898 cassivellauno,
2212 3838 2312 3884 &c.
2377 3836 2517 3885 Huic
2549 3850 2631 3883 su·

1576 3911 1779 3973 periore
1830 3917 2065 3975 tempore
2098 3926 2213 3960 cum
2254 3911 2466 3974 reliquis
2504 3910 2630 3959 civi-

1576 3985 1772 4034 tatibus
1807 3985 2127 4034 continentia
2163 3985 2298 4034 bella
2331 3985 2632 4035 intercesse-

1564 4067 1723 4115 sant:
1770 4062 1866 4110 sed
1918 4069 2091 4111 nostro
2144 4063 2369 4112 adventu
2411 4063 2631 4126 permoti

1577 4137 1817 4185 Britanni
1853 4136 1974 4186 huic
2009 4136 2108 4188 toti
2136 4137 2273 4188 bello
2308 4136 2630 4202 imperioque

2356 4256 2569 4340 '41‘
