3100 4925
1178 433 1198 456 .«,
1209 410 1316 459 1)έῖ
1327 410 1523 460 GORN
1532 409 1688 458 Emi
1735 409 1989 464 TAerrJ
2382 413 2476 479 [Α.
2492 416 2565 470 Π»
2582 420 2700 487 8983?

507 371 683 465 mse

509 553 939 640 Agrippina,¹¹
966 555 1150 622 velut
1177 555 1403 620 dolore
1432 556 1638 633 victa,
1667 559 1735 620 et
1761 554 2004 620 solatia
2030 554 2445 638 conquirens,
2486 560 2700 644 tenere

507 658 823 741 am'plexu
853 657 1330 736 Britannicum,
1363 663 1384 692 ‘
1412 677 1631 723 veram
1660 658 1921 740 paterni
1965 657 2099 720 oris
2142 655 2440 739 effigiem’
2469 659 2697 741 appel-

503 753 678 837 lare,
711 777 792 822 ac
818 758 1025 822 variis
1069 759 1320 822 artibus
1369 757 1716 835 demorari,
1760 776 1844 821 ne
1894 756 2202 820 cubiculo
2244 753 2701 838 egrederetur.i

502 856 890 925 Antoniamj
937 878 1201 943 quoque
1254 865 1322 923 et
1370 857 1746 934 Octaviam,
1789 876 2044 921 sorores
2086 856 2254 939 ejuS‚
2299 857 2582 935 attinuit,
2627 864 2698 924 et

502 965 781 1025 cunctos
821 960 1040 1024 aditus
1067 960 1387 1024 custodiis
1414 959 1768 1035 clauserat,
1799 961 2156 1040 crebroque
2185 958 2521 1039 vulgabat,
2546 962 2570 1012 .‘
2599 951 2694 1026 ire

498 1061 571 1124 in
618 1061 861 1125 melius
887 1060 1326 1125 valetudinem
1378 1058 1760 1142 Principia,’
1810 1077 1945 1141 quo
1988 1057 2178 1121 miles
2225 1058 2407 1121 bona
2450 1059 2521 1121 in
2565 1078 2690 1143 spe

498 1158 767 1243 ageret}
818 1148 1209 1246 tempusque
1266 1155 1701 1244 prosperum,¹
1748 1177 1837 1223 ex
1884 1158 2148 1222 monitis
2170 1173 2185 1188 ·‘
2203 1156 2686 1239 Chaldaeorum,

496 1260 923 1327 adventaret.³

497 1412 633 1476 quasi
653 1408 1004 1472 moerorefessa‚
1033 1416 1080 1460 et
1102 1411 1344 1460 levaminis
1363 1412 1570 1474 cupiens,
1601 1412 1768 1460 osculis
1786 1410 1989 1459 retinere
2009 1408 2362 1470 Britannicum,
2384 1414 2492 1458 tum
2511 1424 2684 1460 veram

495 1476 706 1540 paterni
721 1476 894 1524 vultus
916 1475 1186 1539 imaginem
1206 1477 1425 1537 vocitare,
1457 1491 1513 1523 ac
1530 1475 1682 1524 variis
1709 1473 1955 1525 blanditiis
1971 1488 2181 1536 avocare,
2211 1489 2270 1521 ne
2286 1473 2495 1522 eubiculo
2510 1474 2684 1525 exiret.

494 1539 754 1589 Antoniam
770 1538 916 1587 etiam
929 1543 978 1587 et
999 1540 1242 1587 Octaviam
1260 1554 1441 1589 sorores
1458 1538 1590 1587 illius
1607 1540 1824 1601 retinuit,
1845 1542 1894 1587 et
1913 1552 2070 1586 omnes
2100 1538 2259 1586 aditus
2286 1538 2512 1586 satellitio

492 1608 592 1664 rat,
625 1608 675 1652 et
703 1616 824 1665 soepe
846 1602 1065 1663 ,iactabat
1088 1602 1142 1651 in
1161 1605 1347 1665 vulgas,
1380 1602 1562 1651 melius
1586 1618 1641 1652 se
1662 1604 1854 1651 habere
1879 1602 2182 1665 principem,
2217 1617 2308 1664 quo
2343 1602 2479 1649 miles
2496 1601 2611 1650 bona
2630 1602 2685 1651 in

487 1681 570 1732 spe
583 1667 815 1743 agitaret,
847 1671 897 1716 et
918 1667 1141 1727 faustum
1176 1682 1233 1716 ac
1256 1666 1524 1726 favorabile
1559 1671 1835 1716 momentum
1871 1680 1932 1714 ex
1958 1665 2212 1729 preceptis
2235 1665 2562 1715 Chaldaeorum
2598 1667 2681 1714 ad-

487 1736 687 1783 ueniret.

1406 1842 1522 1863 ”Ob
1527 1844 1549 1863 θ
1554 1841 1762 1863 “OQ“

490 1954 668 2004 tiores.
732 1955 798 2005 In
822 1957 926 2007 Ms.
959 1958 1096 2006 Flor.
1128 1958 1240 2005 dum
1271 1970 1349 2004 res
1368 1954 1539 2012 forent
1558 1954 1816 2019 firmando.
1883 1954 1987 2003 Ms.
2010 1954 2141 2018 Reg.
2163 1959 2220 2003 et
2239 1953 2399 2003 editio
2417 1954 2677 2018 princeps,

487 2020 686 2080 dumque
703 2019 1200 2084 ressorentfirmando
1222 2019 1428 2068 Neronis
1443 2019 1707 2080 imperium.
1775 2019 1876 2066 Ms.
1899 2016 2028 2080 Agr.
2057 2026 2112 2066 et
2134 2017 2311 2067 Codex
2332 2018 2547 2081 ‘Ryekin
2566 2021 2680 2067 dum

485 2095 589 2143 quoe
608 2097 685 2130 res
707 2082 874 2141 forent
895 2084 1155 2149 firmando.
1223 2082 1354 2131 lude
1376 2080 1687 2131 emendabat
1707 2082 1822 2131 Jac.
1847 2082 2155 2141 Gronovius,
2185 2083 2298 2130 dum
2333 2096 2411 2130 res
2435 2080 2564 2138 soris
2582 2083 2681 2147 fir-

485 2146 680 2194 mando.-
715 2145 978 2209 Heinsius,
998 2149 1124 2210 dum,
1145 2160 1246 2209 quoe
1267 2161 1293 2194 e
1312 2144 1812 2209 resonasti-mando,-
1847 2147 2115 2206 Ernestus,
2137 2148 2266 2207 duva,
2299 2144 2680 2210 quoeforemfir-

483 2210 667 2257 mando.
729 2209 876 2259 Bene
898 2225 1090 2259 omnes.
1155 2211 1302 2259 Bene
1322 2223 1527 2274 qnoque
1551 2207 1887 2269 Puteolanus,
1902 2209 1986 2258 cni
2005 2207 2356 2271 suffragantur
2373 2210 2499 2258 Mss.
2523 2209 2677 2266 Harl.

482 2270 634 2321 Bodl.
657 2272 770 2323 Jes.
834 2274 898 2322 In
932 2274 1037 2323 Ms.
1058 2275 1169 2324 Jes.
1193 2276 1378 2323 Neroni
1408 2288 1503 2337 pro
1526 2273 1746 2321 Neronis.
1809 2273 2135 2328 Brotier.—3
2167 2272 2253 2320 Sic
2289 2273 2410 2321 Mss.
2445 2273 2583 2322 Flet.
2616 2280 2675 2322 et

479 2332 786 2399 iamai-gine
816 2338 919 2386 Ms.
949 2338 1097 2387 Harl.
1162 2338 1248 2387 Sic
1266 2351 1366 2401 quo
1404 2352 1469 2386 ue
1508 2337 1762 2386 editiones
1779 2345 2002 2386 veteres.
2067 2337 2341 2399 Rhenanus
2364 2349 2393 2383 e
2417 2336 2518 2386 Ms.
2540 2336 2675 2388 Bud.

478 2401 752 2458 attentaret.
815 2401 964 2461 Idem
985 2402 1179 2451 habent
1200 2402 1331 2451 Mss.
1407 2401 1503 2451 ari.
1527 2408 1584 2450 et
1609 2402 1643 2453 J
1648 2415 1720 2450 es.
1787 2400 1850 2450 In
1873 2401 1976 2449 Ms.
1998 2400 2151 2451 Bodl.
2169 2401 2472 2449 attentarent.
2509 2400 2676 2465 Idem.

1317 2526 1386 2556 ⁶·
1471 2524 1739 2598 NoTAE‘

421 2650 657 2717 ·.libito;
694 2654 1033 2725 jactabatque
1074 2659 1199 2711 ‘ire
1251 2658 1306 2708 in
1346 2660 1530 2711 melius

475 2734 823 2784 valetudinem
848 2736 1128 2800 principis!
1420 2758 1425 2763 ·

539 2810 625 2859 Sic
662 2817 718 2861 et
750 2812 951 2861 Seneca
987 2814 1039 2862 in
1072 2812 1246 2862 Ludo:
1300 2804 1406 2862 ‘Et
1441 2804 1530 2862 ille

475 2887 681 2950 quidem
719 2889 939 2938 animam
961 2890 1160 2951 ebullit,
1198 2894 1263 2938 et*
1287 2903 1351 2937 eo
1371 2888 1531 2938 desiit

473 2960 648 3010 slvere
663 2962 845 3012 videri.
899 2964 1170 3026 Expiravit
1192 2968 1383 3026 autem,
1404 2964 1526 3013 dum

470 3041 725 3091 comoedos
747 3043 911 3105 audit,
921 3048 992 3091 nt
1013 3042 1164 3106 scias,
1186 3057 1269 3092 me
1292 3057 1395 3092 non
1417 3043 1527 3092 sine

472 3129 630 3165 causa
652 3131 739 3165 eos
762 3118 983 3168 timere.'

532 3196 560 3232 8
593 3191 835 3254 eonsules]
870 3192 1118 3245 Consules
1150 3193 1203 3241 in
1235 3198 1416 3242 senatu
1448 3200 1523 3243 ta·

466 3262 540 3312 lia
556 3271 679 3314 vota
700 3266 1069 3331 suscipiebant,
1102 3283 1217 3331 quae
1240 3268 1293 3316 in
1317 3268 1522 3331 templis

466 3352 564 3404 per
606 3341 857 3391 sacrificia
900 3343 1422 3406 supplicationesque,
1466 3350 1524 3393 et

465 3415 570 3465 alia
601 3416 800 3479 piacula
820 3419 1148 3468 exsolverent
1172 3425 1403 3468 votorum
1427 3419 1520 3472 rei.

526 3490 551 3524 ¹³
578 3494 694 3542 Jam
718 3494 924 3556 primum
945 3494 1235 3556 Agrippina]
1271 3494 1372 3543 Vel
1399 3494 1524 3557 quia

460 3578 721 3630 nunquam
731 3568 853 3617 alias
866 3569 1065 3617 solebat
1077 3583 1298 3618 noverea
1308 3568 1520 3618 abbian-

460 3638 559 3688 diri
593 3642 769 3693 liberis
806 3644 995 3704 mariti,
1027 3649 1084 3691 et
1116 3643 1280 3692 minus
1310 3643 1515 3695 Britan-

457 3714 604 3776 nie03
651 3718 732 3765 vel
778 3719 898 3781 quia
940 3724 1061 3766 ante
1105 3724 1360 3780 occupata
1400 3724 1516 3769 erat

455 3789 740 3852 majoribus
762 3793 1009 3851 consiliis,
1043 3805 1241 3854 nempe>
1265 3791 1513 3842 interfici-

454 3864 590 3913 endo
612 3866 815 3926 marito,
853 3874 907 3914 et
938 3867 1275 3928 pmparando
1298 3881 1380 3916 res
1403 3883 1510 3917 om·

452 3952 563 4001 nes,
581 3941 765 4003 quibus
788 3941 986 3990 Neroni
1008 3940 1297 3991 firmaretur
1317 3943 1509 4005 princi-

453 4022 637 4079 patus:
672 4023 780 4066 tum
820 4017 1060 4079 primum,
1097 4030 1194 4066 nec
1232 4017 1324 4066 abs
1362 4032 1419 4068 re
1443 4020 1507 4069 de

448 4090 751 4143 Britannico
767 4092 1035 4146 retinendo
1051 4091 1275 4155 cogitavi
1282 4099 1320 4153 t,
1333 4094 1506 4156 specie

451 4163 784 4219 blandimenti
820 4167 1115 4220 muliebris:
1146 4168 1254 4229 jam
1280 4171 1506 4236 primm,

451 4239 510 4290 id
527 4248 629 4308 est,
649 4242 825 4309 eoepit.

1673 2656 1688 2695 ¹
1708 2662 1786 2712 Ne
1800 2662 2008 2712 cubiculo
2023 2658 2347 2724 egrederetur]
2378 2660 2462 2711 Ne
2481 2672 2668 2723 nempe

1609 2737 1844 2800 vulgaret
1865 2738 1980 2800 ipse
2004 2734 2428 2797 moi-tempatris,
2470 2741 2524 2783 et
2554 2748 2668 2783 suc-

1609 2812 1889 2862 cessionem
1935 2812 2177 2872 ambiret,
2233 2816 2325 2859 aut
2367 2809 2557 2871 potius,
2598 2824 2675 2859 ne-

1606 2886 1918 2936 Praetoriani
1942 2887 2109 2949 ipsum
2131 2886 2182 2933 in
2206 2888 2376 2933 castra
2400 2889 2666 2947 repetent,

1606 2968 1665 3010 et
1679 2962 2052 3025 Imperatorem
2072 2960 2374 3008 salutarent.
2430 2959 2664 3023 Ideoque

1605 3035 1720 3098 ipsa
1738 3036 1753 3062 ‘
1777 3037 1961 3085 crebro
1982 3023 2242 3098 vulgabat,
2281 3033 2358 3082 ire
2394 3033 2463 3095 in,
2478 3030 2663 3083 melius

1605 3111 1953 3160 valetudinem
1976 3108 2242 3173 principis,
2270 3122 2372 3173 quo
2406 3108 2555 3173 miles
2575 3108 2665 3158 bo·

1603 3199 1671 3234 na
1692 3186 1743 3235 in
1766 3201 1860 3248 spe
1882 3184 2098 3249 ageret?
2194 3242 2197 3247 Ἴ
2548 3205 2553 3210 ·

1662 3260 1979 3324 amonium]
2016 3261 2166 3310 Hanc
2191 3264 2488 3323 susceperat
2509 3252 2667 3321 Clauq

1602 3335 1724 3384 dius
1738 3351 1804 3385 ex
1829 3337 2019 3399 Petina
2039 3351 2221 3401 uxore,
2239 3335 2455 3385 eandem
2478 3328 2661 3398 postea

1604 3411 1797 3459 occidit
1819 3413 1981 3473 Nero,
2016 3419 2153 3461 teste
2187 3411 2399 3460 Sueten.
2423 3411 2548 3461 Ner.
2574 3414 2657 3476 35.

1599 3486 1615 3514 ‘
1641 3484 1918 3536 Antoniam
1964 3488 2167 3548 Claudii
2220 3486 2378 3553 filiam
2421 3501 2658 3549 recusan-

1600 3566 1702 3610 tem
1746 3568 1864 3624 post
1908 3564 2154 3627 Poppaeae
2196 3570 2412 3615 mortem
2447 3561 2656 3625 nuptias

1596 3653 1729 3702 suas,
1761 3641 1907 3703 qnasi
1945 3641 2252 3700 molitricem
2290 3655 2463 3690 rerum
2501 3656 2655 3691 nova·

1596 3728 1727 3778 rum,
1756 3716 2055 3765 interemit!
2121 3715 2391 3766 Octaviam
2415 3731 2481 3787 ex
2510 3718 2652 3766 Mes·

1594 3791 1776 3843 sallina
1785 3791 2038 3841 babuerat
2049 3793 2312 3856 Claudius,
2323 3806 2474 3856 quam
2489 3793 2650 3842 etiam

1589 3866 1782 3914 occidit
1805 3868 1967 3916 Nero.

1651 3938 1676 3974 ¹
1707 3942 1844 3990 Bona
1864 3942 1915 3990 in
1935 3957 2015 4006 spe
2035 3942 2222 4006 egeret]
2257 3942 2481 4006 Nempe,
2503 3957 2571 3992 ne
2589 3957 2646 3994 se

1590 4015 1654 4063 ad
1680 4030 1761 4065 res
1781 4031 1940 4066 novas
1977 4018 2296 4082 accingeret,
2326 4033 2392 4066 ne
2426 4033 2507 4068 tes
2542 4025 2651 4068 tnr-

1589 4089 1750 4140 baret.
1785 4091 1839 4138 Si
1862 4092 2002 4154 prius
2016 4101 2234 4144 mortem
2253 4093 2477 4161 Claudii,
2492 4109 2649 4160 quam

1584 4179 1770 4223 novum
1789 4167 2325 4234 principem,acsimnl
2344 4169 2644 4226 donativum

1584 4242 1893 4307 accepisset.
