3100 4925
401 377 716 474 mesa]
2437 357 2607 427 m

404 507 602 575 ‘rim
613 469 1081 585 multitudinis,
1101 504 1173 572 hi
1213 504 1735 589 Magistratuum
1769 467 1862 569 et
1860 460 2073 589 primi
2084 504 2417 590 cujusque
2445 522 2603 576 aua,

401 608 639 676 ritiam’
690 595 1131 693 increpantes
1219 605 1519 689 Cumque
1579 605 1841 685 seditio,
1883 606 1972 672 ad
2026 625 2200 674 saxa
2233 609 2334 671 et³
2390 610 2605 682 minas

402 707 660 791 ignium
695 723 1087 790 progressa,
1134 724 1384 776 necem.
1415 711 1497 780 et,
1529 724 1714 774 arma
1757 706 2152 791 perliceret,4
2194 706 2274 772 C.
2302 706 2603 780 Cassius

401 808 777 878 adhibendo
829 809 1127 876 remedio
1183 808 1512 874 delectus:
1557 808 1721 893 quia
1744 850 1750 864 ι
1775 810 2243 878 ειιιιιιιίιιιιιιιιιην
2273 810 2424 893 ejus
2471 830 2604 876 non

399 910 799 989 tolerabant,
838 915 1141 995 precante
1181 911 1383 994 ipso‚.⁰
1413 911 1516 991 ,ad
1555 910 1982 976 -Scribonios5
2033 910 2265 976 fratres
2304 930 2394 976 -ea
2440 931 2604 993 cura

398 1012 800 1091 transfertur,
845 1013 1002 1080 data
1031 1012 1297 1080 cohorte
1330 1012 1695 1092 Praetoria.
1739 1014 1931 1098 cujus
1961 1001 2227 1091 terrore,
2259 1017 2328 1078 et
2348 1031 2600 1096 pauco.-

397 1132 548 1184 rum
576 1113 970 1197 supplicio,
983 1113 1178 1200 rediit
1207 1114 1564 1197 oppidanis
1596 1113 2027 1194 concordia.

483 1215 595 1282 49.
641 1214 804 1280 Non
824 1214 1130 1282 referrem
1156 1214 1687 1298 vulgatissimum
1705 1216 2425 1294 Senatusconsultum,⁰
2460 1233 2595 1299 quo

1073 369 1498 424 annotamu-
1535 370 1685 420 mn.
1726 371 1915 422 1111

399 1412 815 1475 magistratuum,
847 1419 903 1463 et
940 1414 1341 1479 uniuscujusque
1378 1429 1673 1478 procerum.
1741 1416 1812 1463 Et
1854 1430 1958 1464 cum
1998 1413 2233 1463 discordia
2270 1415 2495 1477 provecta
2537 1412 2602 1459 ad

396 1477 575 1552 lapides
598 1492 759 1541 usque
780 1483 829 1525 et
850 1482 1075 1527 terrorem
1080 1480 1408 1554 statuminum,
1429 1495 1536 1539 Jam
1555 1479 1668 1541 fere
1695 1482 1857 1555 ,credes
1877 1480 2060 1542 telaque
2079 1479 2378 1538 ing-ruerent,
2400 1479 2460 1525 C.
2486 1476 2603 1524 Cas-

394 1540 495 1590 sins
511 1544 835 1604 componeadoe
869 1542 1092 1600 seditioni
1127 1548 1360 1593 assumtus
1397 1552 1514 1594 est.
1548 1550 1605 1594 et
1625 1541 1739 1606 quia
1758 1543 2064 1605 asperitatem
2099 1543 2201 1602 qius
2235 1556 2329 1590 non
2354 1540 2600 1603 ferebant,

395 1597 498 1680 ipso
529 1610 746 1667 rogante,
778 1605 829 1653 id
864 1621 1029 1655 mamis
1055 1608 1308 1658 mandatur
1340 1606 1602 1662 Scribonii:
1624 1607 1883 1668 fratribus,
1915 1621 2126 1655 concessa
2145 1606 2332 1658 cohorte
2348 1604 2600 1667 pretoria,

396 1668 544 1729 ciffus
548 1674 746 1730 terrore,
781 1675 829 1722 et
863 1685 1116 1732 paucorum
1149 1687 1307 1734 poena,
1342 1673 1532 1722 reddita
1550 1676 1624 1720 est
1652 1687 1754 1735 pax
1778 1671 2067 1720 Puteolanis.

462 1732 614 1782 Haud
634 1748 935 1784 memorarem
955 1737 1188 1784 decretum
1218 1741 1413 1798 patrum
1444 1736 1648 1786 maxime
1686 1737 1898 1798 vulgare,
1931 1749 2019 1798 quo
2057 1730 2442 1820 concedebatur
2473 1731 2599 1784 civi·

1320 1867 1674 1889 OOOOOOOOOOO

390 1948 510 2008 vius,
529 1949 670 2012 quod
692 1949 779 1998 alii
812 1947 1101 2001 faciendum
1122 1956 1449 2013 monuerunt,
1459 1966 1584 2000 eam
1608 1951 1856 2027 expunxi.
1927 1952 2057 2008 Ordo
2076 1948 2213 1999 enim
2237 1963 2332 2012 pro
2356 1946 2594 1998 decurio·-

393 1984 543 2061 nibus
574 2015 626 2061 in
662 2014 954 2088 municipiis
994 2022 1085 2064 aut
1108 2017 1318 2065 coloniis
1356 2016 1545 2078 passim
1569 2016 1812 2065 occurrit.
1869 2003 2100 2079 Ryclaius.
2103 2018 2199 2063 -3
2234 2014 2338 2063 Ms.
2363 2012 2499 2062 Bud.
2533 2012 2598 2060 ad

391 2091 526 2138 saxa,
548 2079 611 2125 ad
646 2079 814 2126 minas.
818 2083 912 2127 —4
934 2079 1038 2128 Ms.
1063 2079 1196 2142 Reg.
1211 2087 1265 2128 et
1294 2079 1457 2128 editio
1495 2079 1758 2144 princeps,
1771 2080 2023 2144 pelliceret.
2094 2080 2225 2127 Mss.
2247 2077 2399 2126 Harl.
2437 2075 2596 2129 Bodl

392 2141 504 2192 Jes.
530 2140 709 2189 Guelf.
733 2142 1051 2191 Puteolanus
1072 2150 1129 2191 et
1151 2146 1484 2205 recentiores,
1508 2144 1774 2206 perliceret.
1835 2143 2124 2193 Gronovius
2158 2148 2212 2192 et
2245 2141 2474 2204 Ryckius
2509 2140 2597 2188 ha-

393 2203 524 2253 bent
552 2206 909 2266 μῶσθαι-5
936 2208 1050 2255 Hos
1073 2206 1215 2256 Hist.
1240 2222 1320 2257 ιν.
1341 2212 1423 2257 41.
1445 2209 1593 2257 edita
1628 2209 1878 2257 hactenus
1918 2206 2233 2270 exemplaria
2269 2204 2598 2254 Scribonianus

380 2267 568 2327 fratres
584 2275 759 2318 vocat:
796 2270 887 2318 sed
907 2271 1042 2320 Flor.
1064 2278 1118 2319 et
1135 2285 1279 2320 meus
1300 2272 1427 2323 Mss.
1450 2278 1510 2321 ut
1532 2271 1786 2320 edidimus
1803 2271 2082 2321 Scribonios.
2115 2269 2368 2334 RyckiuS.

1384 2425 1600 2477 NOTAE

1528 2536 1606 2588 Μ.
1659 2538 1879 2589 Aurelii.
1973 2536 2274 2602 Spartianus
2329 2535 2385 2585 in
2437 2528 2593 2583 Avid.

1528 2617 1544 2645 ‘
1571 2615 1771 2665 Notum
1811 2614 2000 2665 habeas
2061 2613 2295 2685 Cassium
2334 2611 2591 2675 hominem

1529 2691 1791 2740 Cassianae
1846 2689 2140 2740 severitatis
2186 2697 2242 2738 et
2286 2686 2591 2751 disciplinae.

1530 2760 1717 2829 Neque
1736 2765 1872 2814 enim
1895 2765 2084 2814 milites
2106 2765 2216 2827 regi
2240 2768 2472 2826 possunt,
2496 2760 2594 2810 nisi

1529 2846 1710 2890 vetere
1751 2839 2027 2903 disciplina
2043 2838 2075 2901 ;'
2108 2843 2166 2888 et
2206 2838 2345 2902 alibi,
2387 2837 2593 2905 ‘Recte

1529 2917 1852 2986 consuluisti,
1891 2916 1960 2965 mi
1985 2915 2210 2978 domine,
2250 2912 2387 2978 quod
2425 2911 2596 2977 Cassi·

1528 3008 1613 3043 um
1654 2992 1940 3057 praefecisti
1994 2992 2220 3055 Syriacis
2270 2990 2593 3054 legionibus3

1528 3068 1656 3118 nihil
1678 3069 1815 3117 enim
1852 3076 1958 3117 tam
1983 3067 2215 3132 expedit,
2252 3082 2399 3133 quam
2442 3067 2592 3117 homo

388 2550 492 2585 non
535 2541 616 2585 est
657 2536 710 2584 in
757 2534 943 2587 codiee
988 2536 1235 2603 Budensi.
1292 2538 1442 2600 Mox,

389 2628 507 2662 saxa
526 2617 571 2660 et
592 2614 767 2662 minas.-
819 2613 944 2677 illic,
957 2614 1021 2662 ad
1040 2620 1176 2678 saxa,
1192 2614 1255 2663 ad
1274 2610 1447 2663 minas.

390 2690 691 2739 Rhenanus.

454 2765 755 2830 Senatorius]
787 2767 945 2817 Certe
986 2765 1352 2830 delendum,»rb
1378 2781 1449 2815 se-

387 2842 619 2902 nator-ius,
637 2848 694 2892 et
725 2843 1109 2908 obsequendum
1144 2844 1373 2908 scriptis,
1392 2844 1449 2892 id

387 2918 625 2969 vocabuli
680 2933 781 2972 non
826 2920 1253 2982 agnoscentibus:
1310 2920 1448 2985 quod

386 2995 545 3044 miror
562 2996 614 3044 in
639 3010 728 3045 nos
752 3010 913 3059 usque
938 2996 1194 3071 judicium
1225 3011 1338 3045 esse
1362 2996 1449 3044 de-

384 3071 564 3121 latum.
622 3071 1065 3123 Quemadmodum
1091 3072 1226 3120 enim
1253 3072 1450 3134 Romae,

384 3149 497 3196 ordo
552 3148 887 3213 amplissimus,
924 3149 1035 3196 ordo
1076 3147 1449 3210 florentissimus

386 3231 730 3285 prosenatu,
779 3223 853 3273 sic
894 3223 945 3271 in
1007 3223 1298 3286 municipiis
1336 3224 1449 3272 ordo

387 3311 528 3361 saepe
553 3312 645 3361 pro
669 3298 1032 3348 decurionibus
1069 3298 1289 3363 ponitur.
1349 3299 1450 3348 Ta-

386 3371 518 3429 citus
543 3372 651 3436 ipse
689 3373 723 3421 l.
743 3385 804 3423 11.
834 3373 974 3423 Hist.
1004 3375 1018 3401 ‘
1048 3374 1317 3424 onerabat
1361 3389 1447 3438 pa-

384 3448 613 3497 ventium
635 3463 783 3499 curas
809 3449 935 3498 ordo
956 3449 1283 3514 Mutinensis,
1304 3464 1447 3499 arma

287 3571 291 3576 .
385 3530 441 3573 et
464 3525 707 3586 pecunias
732 3524 1032 3576 offerendo?

450 3597 749 3648 Ammianus
791 3601 956 3650 Marc.
989 3602 1039 3650 -l.
1078 3614 1223 3650 xxn.
1261 3599 1277 3628 ‘
1300 3567 1444 3655 Ordo

384 3674 643 3738 squallens
684 3674 931 3744 occurrit,
969 3683 1024 3724 et
1063 3675 1281 3739 populus
1302 3675 1447 3724 nimi-

385 3765 471 3799 um
494 3757 742 3813 quantum
759 3756 878 3799 ante
897 3751 994 3800 hac
1017 3749 1446 3815 florentissimus,’

384 3824 452 3874 de
495 3824 994 3874 Nicomediensibus,
1062 3826 1210 3875 Idem
1249 3827 1286 3875 l.
1311 3840 1445 3893 xxV,

382 3902 398 3928 ⁴
422 3901 491 3953 Et
527 3901 623 3951 hoc
653 3902 856 3964 quidem
880 3902 1188 3964 suppliciter
1227 3901 1353 3950 ordo
1389 3908 1446 3950 et

379 3976 603 4040 populus
643 3975 989 4038 precabatur?
1027 3976 1191 4029 ,Vide
1223 3977 1445 4031 indicem

384 4050 776 4112 inscriptionum
801 4065 847 4100 c.
872 4054 922 4101 9.
960 4052 1241 4104 Gronovius.

449 4132 474 4157 ¹¹
506 4124 842 4188 Severitatem]
876 4127 1093 4177 Familia
1123 4135 1180 4179 et
1201 4129 1445 4179 severitas

384 4200 679 4273 Cassiorum
701 4201 867 4264 viguit
905 4197 1165 4268 usquead
1208 4211 1446 4273 tempora

1530 3142 1775 3193 severus)
1841 3145 2000 3193 Forte
2027 3151 2083 3192 et
2121 3145 2256 3192 ultra
2296 3148 2594 3207 propagata

1528 3234 1671 3284 gens,
1688 3234 1833 3283 opes,
1850 3228 1904 3268 et
1921 3219 2085 3268 virtus
2100 3220 2267 3281 gentis
2284 3220 2595 3285 Cassiorum,

1528 3295 1713 3363 quibus
1737 3309 1838 3344 non
1862 3293 2000 3342 fama
2019 3294 2112 3342 sed
2132 3294 2347 3342 historia
2370 3292 2555 3344 defuit.

1589 3372 1876 3421 ⁰Precante
1900 3369 2027 3432 ipso]
2058 3369 2307 3418 Senatum
2331 3382 2591 3432 nempe,a

1525 3464 1626 3513 quo
1645 3449 1758 3512 ipse
1791 3447 1971 3496 missus
1995 3454 2127 3509 erat,
2161 3444 2299 3495 forte
2323 3451 2379 3495 et
2401 3446 2594 3509 princi·

1566 3540 1665 3575 em.

1525 3541 1562 3590 p
1592 3609 1615 3634 ⁶
1687 3590 2070 3667 Vulgatissimum
2120 3578 2590 3670 senatusconsultum]

1526 3678 1671 3729 Sicl.
1705 3690 1833 3726 1111.
1869 3675 1934 3723 de
1956 3675 2210 3723 Thrasea.
2246 3674 2262 3701 ‘
2288 3674 2390 3726 Qui
2417 3676 2590 3738 vulga·

1526 3752 1669 3802 ribus
1692 3765 1891 3817 quoque
1926 3756 2131 3814 patrum
2155 3752 2400 3800 consultis
2420 3756 2590 3803 semet

1524 3830 1784 3884 fautorem
1839 3836 1928 3878 aut
1963 3829 2310 3878 adversarium
2349 3829 2590 3889 ostende-

1526 3905 1645 3956 ret!
2564 3942 2569 3950 .

1599 3980 2009 4044 Vulgatissimum]
2074 3981 2257 4043 Capio,
2294 3994 2397 4030 non
2439 3978 2588 4045 quasi

1524 4060 1744 4108 maxima
1781 4057 1921 4108 fama
1940 4057 2257 4108 celebratum
2290 4058 2358 4106 sit
2396 4056 2450 4104 in
2481 4057 2589 4121 vul-

1522 4152 1616 4201 gus
1640 4138 1745 4187 tale
1777 4135 2298 4196 senatusconsultum,
2335 4133 2429 4183 sed
2463 4133 2588 4197 quia

1522 4214 1746 4265 maxime
1780 4214 1995 4277 vulgare
2017 4210 2155 4277 fuit,
2172 4217 2230 4261 et
2259 4210 2450 4279 nullius
2471 4209 2585 4273 fere
