3100 4925
422 344 599 414 1368

1100 362 1168 414 C·
1213 357 1593 420 connum,
1622 357 1891 407 'racul-

2304 360 2397 426 [Α.
2421 359 2487 414 1³.
2502 353 2651 414 'som'

416 504 811 581 reticuisset,
839 522 1219 587 quanquam
1243 521 1325 567 ne
1350 502 1839 587 impudicitiam
1867 499 2130 583 quidem
2154 510 2343 564 nunc
2366 502 2623 580 abesse,
2667 541 2685 548 ψ

417 603 725 675 Pallante
781 605 1116 669 adultero:
1100 602 1148 651 ·³‘
1216 617 1299 670 ne
1355 608 1505 689 quis
1560 605 1876 685 ambigat,
1889 598 1917 642 ¹²
1972 604 2204 678 decus,
2276 603 2691 685 pudorem,

420 771 592 820 uxoris
613 741 857 835 siluisset,
877 771 1127 849 quamvis·
1127 784 1194 821 ne
1221 787 1359 821 nnnc
1382 771 1591 847 quidem
1612 769 1810 832 flagitia
1833 769 2105 818 libidinum
2129 784 2160 817 a

2256 775 2395 831 sent,
2417 725 2627 834 corrup-

420 842 538 885 tor-e
564 836 836 899 Pallante,
869 845 926 887 et
957 851 1023 886 ne
1044 837 1157 901 quis
1187 837 1416 899 dubitet,
1446 836 1768 899 Agrippinam
1790 837 2052 896 honorem,
2075 849 2142 897 pu
2186 834 2249 883 ici
2255 834 2397 896 tiam,
2421 843 2627 898 corpus,
2678 841 2681 844 '

1422 979 1636 1030 NOTAE

423 1090 671 1140 memmii
708 1105 873 1141 cousus
902 1099 960 1142 et
996 1093 1283 1144 ulciscendi
1308 1091 1484 1143 offerri

422 1166 555 1226 sibi3
591 1166 644 1214 in
667 1181 769 1231 quo
791 1174 939 1217 certe
972 1182 1078 1218 uon
1107 1169 1225 1219 leve
1246 1171 1482 1218 meritum

423 1256 572 1290 suum
597 1240 753 1291 ⁴foret
795 1256 920 1304 erga
950 1243 1265 1307 principem.
1332 1244 1484 1296 Quod
1558 1297 1563 1302 ,

423 1319 696 1367 consilium
717 1333 818 1369 non
854 1319 953 1369 nisi
992 1322 1297 1383 primoribus
1331 1323 1485 1374 labris

426 1394 656 1457 attingit,
691 1409 789 1444 nec
812 1396 940 1445 satis
962 1397 1189 1460 explicat
1214 1399 1486 1448 Narcissus

424 1468 529 1530 hic,
550 1483 795 1519 arcanum
817 1470 948 1519 illud
967 1472 1069 1522 sibi
1092 1481 1146 1522 et
1169 1472 1384 1522 Claudio
1407 1488 1488 1533 te-

424 1562 653 1598 servans.
810 1555 815 1560 '
1006 1545 1011 1550 ’
1293 1557 1296 1562 ’

492 1623 692 1673 Nullum
702 1626 913 1689 principi
925 1625 1168 1689 meritum]
1192 1627 1341 1676 Dicit
1358 1628 1491 1678 Nar-

427 1698 608 1760 cissus,
652 1707 847 1750 certam
893 1702 991 1751 sibi
1033 1703 1319 1766 perniciem
1357 1718 1489 1765 esse,

425 1788 525 1824 sea
538 1774 886 1840 Britannicus,
901 1791 994 1827 seu
1015 1779 1159 1827 Nero
1175 1778 1485 1842 imperaret-3

388 1843 393 1848 “
423 1857 549 1910 ante
571 1865 605 1900 a
623 1865 679 1902 se
701 1851 924 1901 delatam
940 1852 1322 1913 Messalliusm3
1350 1868 1489 1916 pares

424 1927 600 1975 iterum
631 1930 882 1978 accusandi
915 1943 1079 1978 causas
1111 1944 1226 1992 esse,
1255 1930 1302 1978 si
1344 1930 1487 1979 Nero

393 2057 396 2062 ⁵
425 2001 771 2065 imperitaret.
1056 2027 1060 2031 .
1341 2049 1344 2052 .

493 2076 705 2126 Deinde
761 2079 1000 2130 resumit·
1032 2079 1374 2130 sententiam:
1431 2082 1489 2129 Si

428 2152 575 2201 Nero
595 2152 939 2216 imperitaret,
959 2155 1000 2204 si
1018 2156 1351 2205 Britannicus
1373 2171 1489 2206 suc·

428 2228 659 2288 cederet,
687 2232 882 2280 nullum
902 2247 1052 2283 suum
1089 2233 1143 2282 in
1181 2234 1486 2298 principem,

427 2306 621 2358 utervis
654 2306 1009 2371 imperaverit,
1045 2311 1284 2361 meritum
1320 2327 1484 2363 suum.

428 2381 523 2430 Ita
537 2388 611 2433 ut.
629 2398 691 2433 ea
715 2385 892 2448 verba,
929 2386 973 2434 si
998 2387 1131 2436 Nero
1169 2387 1485 2451 imperitaret,

429 2457 721 2513 referantur
751 2462 901 2511 simul
926 2464 989 2511 ad
1014 2466 1254 2515 anteced.
1291 2473 1346 2515 et
1370 2480 1488 2515 con-

396 2568 405 2575 ·
426 2535 729 2598 sequentia3
763 2542 822 2586 ut
844 2552 986 2599 saepe
1004 2540 1139 2589 solet
1158 2541 1388 2590 Tacitus.

493 2612 695 2667 Nullum
734 2614 944 2677 principa·
980 2617 1225 2679 meritum]
1280 2618 1342 2667 Id
1389 2627 1490 2683 est,

427 2687 621 2735 nullum
658 2689 712 2737 in
745 2690 1036 2754 principem
1073 2695 1316 2742 meritum
1338 2708 1486 2745 suum

426 2763 751 2824 praecessisse
772 2779 786 2824 ;
822 2779 883 2814 ac
905 2772 1083 2817 tamen
1101 2782 1159 2817 se
1184 2784 1333 2831 posse
1356 2766 1500 2821 bene'
1521 2802 1526 2807 -

426 2835 493 2886 de
519 2837 819 2889 Britannico
841 2841 1046 2903 mereri,
1085 2844 1127 2891 si
1154 2858 1210 2892 se
1235 2843 1487 2896 fortieni·

424 2927 509 2961 mo
530 2922 820 2976 opponeret
842 2917 987 2965 malis
1010 2919 1210 2968 artibus
1246 2919 1490 2987 foeminoe,

423 2989 612 3051 quibus
632 2997 792 3040 totam
836 2995 1041 3047 domum
1083 2997 1332 3061 principis
1370 3015 1489 3049 con·

424 3064 668 3128 vellebat,
687 3067 872 3129 quibus
890 3077 944 3118 et
969 3071 1189 3133 principi
1221 3080 1275 3122 et
1299 3075 1489 3139 princi-

425 3141 981 3206 patui-insidiabatur3
1012 3146 1056 3195 si
1085 3158 1360 3200 accusaret
1399 3152 1489 3201 ite-

424 3229 539 3264 rum
582 3215 957 3281 impudicitiam
1014 3223 1207 3287 uxoris,
1263 3232 1323 3276 ut
1365 3234 1489 3278 ante

423 3293 758 3347 Menullinae.

488 3369 631 3419 Hinc
682 3371 1333 3439 Narcissus-amplectitur
1374 3378 1491 3427 Bri-

423 3446 706 3509 tannicum,
744 3448 843 3511 ipsi
864 3456 1122 3501 maturum
1146 3454 1321 3516 robur,
1359 3456 1487 3503 rnul-

303 3536 324 3561 ·
424 3528 635 3588 tamque
673 3523 976 3575 felicitatem
1018 3537 1349 3591 apprecatur,
1388 3531 1487 3594 ipsi

423 3611 483 3647 se
506 3604 677 3648 totum
713 3607 872 3650 vovet
894 3607 951 3650 et
988 3602 1185 3651 addicit
1215 3610 1486 3668 optatque,

421 3674 553 3724 licet
574 3673 686 3736 ipse
712 3676 878 3737 perire
903 3676 1140 3738 deberet,
1174 3684 1232 3726 ut
1254 3678 1486 3728 inimicos

426 3749 591 3812 patris
626 3750 923 3811 ulciscatur,
959 3753 1043 3800 vel
1075 3758 1131 3802 et
1171 3754 1327 3802 etiam
1352 3754 1488 3804 iniis

424 3823 790 3875 interfectores
813 3827 1009 3875 matris.

487 3899 594 3950 Alii
613 3899 686 3947 sic
708 3901 951 3963 capiunt:
985 3902 1039 3950 Si
1065 3903 1211 3952 Nero
1225 3903 1487 3967 imperita-

424 3977 742 4034 reu-nunum
764 3991 910 4026 suum
928 3978 1170 4027 meritum
1203 3979 1258 4027 in
1295 3979 1487 4043 princi·

425 4065 563 4114 pem,
603 4051 876 4102 Claudium
913 4067 1135 4119 nempe3
1169 4055 1487 4120 quandoqui-

426 4129 548 4193 dem
568 4126 863 4191 Agrippina
880 4136 1039 4178 totam
1060 4129 1263 4179 domum
1283 4132 1489 4181 convel-

427 4203 570 4263 lebat
584 4202 853 4269 principis,
863 4210 919 4256 et
932 4207 1222 4268 prasertim
1231 4204 1490 4256 Britanni·

1567 1107 1630 1142 co
1653 1092 2022 1152 insidiabatur3
2055 1091 2190 1140 bono
2227 1090 2431 1157 quidem
2458 1086 2689 1152 seusus·

1567 1171 1660 1220 sed
1682 1184 1785 1219 non
1807 1168 1944 1218 forte
1968 1169 2092 1217 satis
2116 1167 2181 1217 ad
2205 1167 2363 1216 verba
2385 1167 2573 1222 Taciti.

1634 1241 1738 1294 Alii
1761 1245 2086 1307 intelligunt.
2114 1244 2168 1292 si
2192 1242 2498 1292 succederet
2516 1240 2631 1306 Bri·
2646 1299 2661 1305 -

1568 1320 1825 1381 tannicus,
1847 1320 1920 1369 sic
1944 1319 2137 1367 nullum
2160 1318 2400 1366 meritum
2424 1300 2630 1366 Claudii

1567 1395 1678 1445 fore
1705 1410 1827 1460 erga
1852 1396 2187 1445 Narcissum·
2172 1429 2187 1455 ‚
2221 1394 2414 1457 quippe
2462 1399 2525 1442 et
2554 1393 2630 1441 in·

1567 1472 1712 1524 sidiis
1733 1488 1992 1533 novercae,
2022 1477 2183 1538 totam
2207 1472 2409 1518 domum
2442 1468 2634 1532 princi·

1569 1549 1650 1612 pis
1672 1548 1971 1604 convulsum
1994 1548 2075 1605 iri,
2095 1548 2271 1608 majore
2278 1545 2497 1609 flagitio,
2517 1547 2598 1607 &a

1558 1666 1564 1674 .
1632 1624 1741 1673 Alii
1764 1624 1838 1673 sic
1861 1629 2100 1672 sumunt:
2142 1622 2262 1670 Sive
2285 1622 2633 1684 imperaturus

1568 1706 1707 1752 esset
1747 1701 1909 1757 Nero,
1947 1699 2056 1747 sive
2092 1698 2401 1747 succederet
2432 1697 2637 1765 Britan-v

1566 1776 1733 1836 nicus,
1756 1776 1953 1824 nullum
1969 1773 2213 1823 meritum
2233 1773 2393 1835 ipsius
2415 1772 2469 1820 in
2488 1772 2637 1836 prin»-⁷

1567 1853 1770 1914 cipem3
1813 1865 2001 1900 vanum
2045 1856 2103 1899 et
2145 1849 2347 1905 irritum
2387 1848 2635 1913 quiequid

1569 1929 1762 1990 egisset
1791 1933 1945 1976 antea
1984 1926 2279 1987 Narcissus,
2313 1926 2489 1988 sicque
2514 1926 2634 1973 nul·

1460 2031 1470 2037 -
1560 2005 1672 2052 ¹lam
1705 2004 1906 2053 veniam
1940 2008 2030 2051 aut
2068 2002 2285 2064 gratiam
2329 2001 2400 2050 ab
2434 2001 2631 2050 utrovis

1569 2094 1863 2129 successore
1877 2079 1975 2127 sibi
1995 2077 2321 2140 despondere
2329 2090 2509 2140 posse,
2494 2092 2508 2105 ·
2532 2090 2635 2125 uon

1567 2170 1597 2203 a
1620 2154 1921 2204 Britannico
1957 2154 2024 2202 ob
2065 2152 2375 2202 Messallinae
2417 2151 2635 2214 eaedem,

1566 2246 1671 2280 non
1712 2247 1743 2281 a
1783 2232 1993 2281 Nerone
2030 2229 2098 2280 ob
2138 2228 2445 2293 Agrippinae
2487 2229 2635 2279 saevi-

1559 2308 1709 2357 tiam.

1627 2383 1645 2427 J
1676 2386 1900 2435 Pallante
1915 2383 2152 2446 adultero]
2186 2381 2292 2431 Hic
2314 2386 2464 2431 certe
2479 2380 2632 2431 liber.-

1566 2470 1652 2512 tus
1674 2465 1963 2525 comparari
1990 2461 2156 2525 possit
2193 2474 2310 2510 cum
2348 2458 2630 2509 decantato

1569 2540 1658 2588 illo
1679 2540 1849 2604 Gyge,
1866 2539 1957 2602 qui
1977 2552 2077 2602 ope
2101 2534 2275 2587 annuli
2294 2539 2453 2597 aurei,
2476 2549 2631 2599 quem

1567 2615 1757 2663 homini
1800 2623 2001 2663 mortuo
2048 2614 2357 2675 abstulerat,
2396 2622 2632 2676 stuprum

1568 2682 1744 2742 intulit
1768 2692 1981 2754 reginae,
2021 2704 2303 2754 regemque
2333 2686 2631 2739 interemit:

1557 2773 1627 2817 et
1660 2773 1806 2817 certe
1845 2767 2031 2817 talibus
2051 2765 2273 2815 fortunae
2295 2765 2481 2814 aulicae
2508 2768 2633 2828 ⁴pro·-

1570 2843 1740 2907 digiis‚
1778 2843 1942 2891 aureis
1965 2842 2165 2890 annulis
2187 2840 2262 2889 uti
2284 2853 2582 2889 concessum
2601 2853 2634 2889 a

1572 2918 1882 2978 Caesaribus,
1918 2931 2060 2980 soepe
2103 2917 2157 2964 in
2199 2915 2480 2979 perniciem
2513 2915 2639 2964 Rei·

1570 2993 1693 3055 pub.
1716 2999 1769 3042 et
1790 2993 1844 3041 in
1865 2991 2114 3055 flagitium
2132 3006 2194 3040 ac
2209 2990 2440 3041 dedecus
2462 2991 2633 3051 aalma

1569 3084 1708 3132 saepe
1730 3075 1786 3118 et
1810 3069 1862 3118 in
1883 3068 2096 3118 exitium
2120 3068 2349 3131 ipsorum
2369 3066 2635 3116 dominan—

1545 3143 1716 3207 tium,
1754 3149 1814 3193 ut
1848 3150 1902 3193 et
1936 3143 2041 3206 hic,
2066 3143 2238 3206 ipsius
2273 3142 2498 3205 Claudii,
2542 3143 2633 3207 qui

1572 3222 1770 3271 huncce
1793 3222 2086 3270 Pallantem
2113 3227 2478 3270 exornaverat.
2545 3221 2645 3269 ne·-

1573 3297 1725 3362 Gyge
1763 3298 1935 3361 prisco
1970 3298 2045 3346 sic
2083 3297 2273 3347 Cicero
2307 3301 2356 3346 δ’,
2381 3297 2450 3346 de
2473 3294 2632 3346 Offic.

1572 3373 1588 3400 ‘
1608 3373 1708 3422 Ille
1731 3373 1910 3436 Gyges
1931 3372 2198 3422 inducitur
2215 3387 2249 3421 a
2269 3372 2521 3431 Platone3
2541 3371 2651 3434 qui-

1570 3461 1688 3497 cum
1708 3454 1850 3496 terra
1868 3447 2185 3496 decessisset
2207 3447 2407 3508 magnis
2426 3447 2633 3509 quibus·

1569 3523 1689 3572 dam
1729 3523 1998 3583 imbribus,
2037 3522 2091 3572 in
2126 3522 2269 3572 illum
2307 3523 2513 3571 hiatum
2543 3522 2634 3571 de-

1569 3600 1790 3662 scendit,
1811 3613 2114 3663 aeneumque
2135 3613 2341 3663 equum,
2372 3604 2431 3646 ut
2450 3596 2634 3647 ferunt

1567 3674 1777 3737 fabulae,
1797 3674 2186 3734 animadvertit,
2209 3674 2362 3737 cujus
2384 3673 2437 3721 in
2459 3673 2634 3722 lateri·

1565 3750 1660 3800 bus
1682 3749 1820 3800 fores
1842 3757 2047 3812 essent3
2084 3750 2268 3814 quibus
2292 3748 2507 3813 apertis,
2544 3749 2632 3797 ho-

1568 3825 1719 3877 minis
1754 3826 1948 3881 mortui
1966 3825 2113 3875 videt
2151 3836 2340 3889 eorpus
2377 3825 2633 3888 magnitu-

1567 3901 1689 3951 dine
1730 3901 1994 3963 inusitata,
2033 3902 2379 3965 annulumque
2415 3910 2631 3949 aureum

1568 3977 1622 4025 in
1642 3978 1829 4042 digito,
1868 3992 2021 4040 quem
2054 3984 2113 4026 ut
2135 3976 2386 4037 detraxit,
2419 3976 2535 4039 ipse
2554 3974 2632 4023 in·
2680 3980 2687 3985 ’

1567 4053 1702 4107 duit.
1790 4054 1920 4106 Erat
1976 4061 2150 4102 autem
2205 4053 2378 4117 regius
2434 4058 2632 4114 pastor.

1567 4130 1701 4181 Tum
1724 4130 1779 4178 in
1800 4129 2075 4178 consilium
2096 4134 2359 4193 pastorum
2395 4141 2452 4175 se
2476 4136 2635 4185 ²recu-.-

1569 4205 1680 4269 pit;
1712 4205 1949 4259 ibi.cum.'
1981 4205 2154 4269 psl-m
2188 4203 2305 4269 ejus
2349 4201 2535 4257 annuli·
2564 4200 2649 4261 ad,
2670 4208 2712 4239 „-
