3100 4925
477 384 535 440 J.
560 390 622 441 ὓ.
646 386 751 452 δι]

480 529 830 592 videretur.

480 633 504 663 ‘
534 634 611 692 ut
638 627 961 693 vicesimo
989 623 1206 689 aetatis
1247 630 1446 687 anno¹²
1496 620 1937 687 Consulatum
1968 621 2153 686 Nero
2184 622 2417 686 iniret:

1183 376 1596 430 ANNALJUM
1646 377 1795 427 mn.
1843 377 1985 427 xn.

2412 334 2685 429 '12⁵5

919 524 1006 589 Et
1033 520 1269 588 Caesar
1298 521 1791 586 adulationibus
1824 521 2106 586 Senatus
2144 520 2378 585 libens¹
2397 520 2416 557 ²
2460 520 2687 598 cessit,

2487 608 2685 705 atque

478 813 673 872 patrum
691 809 817 857 adoro
836 806 1079 870 concessit,
1098 810 1158 853 ut
1181 772 1428 884 vigesimo
1458 805 1628 854 aetatis
1646 819 1782 854 anno
1801 804 2139 856 Consulatum
2159 805 2307 855 Nero
2326 803 2611 866 obtineret,
2631 807 2690 852 et

1404 953 1432 971 0
1439 948 1583 971 “O“
1587 952 1762 973 “N“

542 1062 566 1106 1
606 1057 694 1106 Ita
712 1057 815 1105 Ms.
836 1053 1012 1106 Guelf.
1036 1062 1090 1104 et
1116 1054 1277 1104 editio
1298 1055 1561 1119 princeps.
1627 1056 1771 1105 Male
1794 1004 2115 1105 Puteolanus
2138 1060 2194 1104 et
2218 1053 2345 1104 Mss.
2363 1053 2508 1103 Harl.
2529 1050 2684 1103 Bodl.

470 1122 585 1173 Jes.
604 1110 763 1171 libens
778 1121 931 1172 cessit.
996 1119 1129 1170 Sed
1113 1134 1169 1169 m
1185 1120 1289 1171 Ms.
1307 1121 1457 1169 Harl.
1479 1121 1647 1170 altera
1665 1135 1821 1170 manu
1845 1121 2176 1171 emendatum
2196 1117 2362 1168 libens,
2394 1116 2619 1168 Broti'er.
2619 1142 2688 1154 --

1471 1292 1683 1342 NOTAE

498 1450 502 1453 -
535 1422 554 1452 ²
585 1419 777 1483 Libens]
799 1419 977 1481 ‘Miror
998 1424 1168 1469 autem
1190 1420 1432 1469 Tacitum
1453 1421 1538 1471 hic
1623 1421 1841 1484 Neroni,
1861 1425 1917 1472 et
1942 1426 2200 1486 praeterea
2215 1419 2568 1483 procori-midas
2590 1416 2691 1466 illi·

467 1494 700 1545 omisisse
733 1495 860 1544 alios
881 1495 1097 1544 honores
1122 1495 1320 1544 Neroni
1342 1495 1538 1546 adoles·

1619 1498 1849 1562 mitatus,
1887 1497 1975 1562 qui
2013 1511 2188 1546 omnes
2225 1496 2443 1544 honores
2464 1492 2685 1542 excede-

471 1571 611 1623 centi
648 1577 773 1621 tunc
796 1570 1059 1632 decretos,
1083 1570 1149 1619 de
1172 1572 1353 1635 quibus
1389 1579 1539 1622 extat
1620 1572 1726 1634 bat,
1769 1578 1824 1621 et
1870 1573 1959 1636 qui
2001 1584 2273 1620 concessus
2310 1568 2399 1618 uui
2427 1568 2683 1617 hactenus

468 1660 715 1695 memorla
733 1660 786 1695 ΠΙ
810 1660 980 1696 auten
1012 1647 1151 1711 apud
1185 1663 1266 1697 me
1300 1663 1534 1710 nummls,

468 1734 585 1771 cum
637 1723 996 1773 instrumentis
1042 1737 1306 1772 sacrorum
1352 1731 1409 1774 et
1462 1725 1537 1773 in-

465 1798 749 1862 scriptione
765 1800 821 1848 in
853 1814 986 1850 uno:
1040 1810 1265 1849 sacram).
1298 1814 1535 1851 coor‘rs-

469 1886 587 1923 πε.
613 1888 692 1923 m.
717 1887 883 1924 oum.
908 1888 1069 1926 cour„
1097 1889 1287 1925 svmu.
1315 1889 1532 1927 Nvmnn.

467 1948 534 1997 In
558 1949 721 2000 altero
744 1965 861 2000 cum
883 1952 1060 2014 titulo,
1100 1966 1254 2015 quem
1274 1952 1360 2001 hic
1380 1952 1533 2002 Taci-

469 2027 555 2072 tus
601 2024 779 2087 ponit:
817 2038 1131 2078 ”novissi-nn.
1165 2038 1337 2076 ormo.
1370 2041 1532 2077 Parn-

464 2111 600 2149 c1121.
635 2113 976 2150 rvvnwrvrrs.
1012 2107 1069 2151 et
1104 2103 1291 2166 clypei
1325 2103 1532 2154 dedica-

467 2173 630 2237 tione,
699 2190 852 2240 quam
907 2176 1121 2226 Tacitus
1176 2179 1529 2241 praetermisit.

469 2249 692 2303 Ursinus.

529 2333 552 2358 u
594 2327 661 2375 Ut
683 2327 900 2376 vicesimo
930 2329 1090 2377 aetutis
1123 2331 1267 2394 anno]
1330 2330 1528 2380 Decre-

462 2408 574 2452 tum
595 2401 809 2453 frustra.
892 2404 1232 2454 Consulatum
1250 2404 1368 2453 iniit
1389 2405 1528 2454 deci-

462 2494 548 2529 mo
592 2480 815 2543 septimo
856 2481 1026 2530 aetatis
1063 2495 1231 2530 anno:
1292 2482 1385 2531 sed
1416 2482 1544 2545 jam*

459 2556 727 2620 princepe,
750 2562 806 2606 et
826 2558 1004 2620 legum
1028 2573 1252 2607 securus.
1302 2558 1507 2622 Lipsius.

534 2635 760 2684 Vicesimo
775 2636 933 2684 oetatis
953 2650 1076 2688 anno
1100 2636 1423 2699 Consulatum]
1438 2637 1530 2687 La-

460 2708 544 2772 pis
568 2708 872 2773 Ancyranus
896 2710 1033 2759 haud
1057 2710 1213 2759 dubie
1234 2710 1300 2760 de
1320 2711 1448 2761 Caio
1472 2717 1529 2761 et

459 2786 620 2835 Lucio
644 2786 960 2848 Coesaribus,
980 2785 1054 2835 sic
1076 2785 1261 2835 habuit
1283 2798 1347 2837 n.
1380 2786 1395 2813 ‘
1420 2785 1529 2835 Ho-

461 2862 599 2911 noris
637 2862 740 2911 mei
779 2876 933 2928 causa
971 2868 1182 2910 senatus
1204 2861 1527 2924 populusque

460 2938 720 2988 Romanus
738 2952 927 2987 annum
946 2937 1177 3002 quintum
1196 2941 1253 2985 et
1270 2935 1526 2986 decimum

456 3015 654 3078 agentis
697 3016 916 3065 consulis
961 3012 1285 3077 designavit3
1329 3019 1390 3062 ut
1410 3026 1526 3062 eum

459 3091 817 3155 magistratum
837 3090 1049 3152 inirent,
1087 3095 1211 3152 post
1245 3088 1526 3153 quinquen-

457 3166 596 3216 nium
635 3181 704 3216 ex
739 3176 803 3215 eo
839 3165 948 3228 die,
978 3178 1080 3229 quo
1123 3163 1338 3213 deducti
1361 3165 1412 3212 in
1447 3166 1523 3215 fo-

458 3254 587 3304 rum,
610 3247 669 3291 ut
691 3242 1007 3290 interessent
1029 3237 1257 3294 consiliis
1286 3237 1523 3305 publicis,

455 3317 691 3368 decrevit
711 3315 959 3367 senatus?

524 3393 763 3442 &messit
782 3396 836 3441 ut
854 3391 1097 3454 vicesimo]
1161 3389 1294 3439 Fere
1315 3389 1399 3440 hic
1435 3391 1524 3441 de·

455 3467 642 3518 scribit
678 3468 890 3518 Tacitus
934 3475 1110 3515 omnes·
1151 3466 1391 3530 honores,
1435 3469 1522 3533 qui

452 3541 573 3592 filiis
596 3543 891 3607 principum
911 3542 1127 3592 concedi
1162 3555 1194 3590 a
1226 3550 1410 3592 senatu
1447 3558 1523 3592 so-

454 3621 652 3672 lebant.
717 3622 1031 3671 Concessum
1069 3621 1254 3685 primo,
1298 3627 1357 3670 ut
1395 3621 1523 3671 inter

452 3697 630 3760 vig-inti
646 3698 770 3747 viros
785 3698 1141 3761 magistratum
1161 3703 1518 3761 capesserent.

452 3772 572 3821 dein
612 3779 672 3822 nt
712 3773 855 3822 Urbis
885 3773 1108 3838 praefecti
1137 3773 1287 3833 seriis
1324 3774 1522 3823 Latinis

453 3855 647 3900 essent.
671 3857 672 3862 ’

464 3952 468 3956 -
518 3925 826 3977 Concessum
847 3928 1025 3992 etiam,
1045 3935 1105 3978 ut
1127 3929 1353 3994 quinque
1373 3929 1517 3979 annis

448 4000 701 4056 maturius
747 4017 900 4067 quam
936 4018 1033 4067 per
1069 4005 1211 4069 leges
1248 4006 1394 4067 licet,
1428 4005 1515 4054 ho-

449 4088 600 4124 nores
625 4081 806 4139 petere
830 4075 912 4127 fas
929 4085 1089 4142 esset,
1110 4087 1172 4129 ut
1188 4080 1516 4144 principemu-

448 4145 659 4203 nentutis
690 4156 1089 4221 appellarentur,
1127 4164 1183 4206 et
1219 4156 1407 4217 ‘Iim‘m
1440 4158 1517 4206 lu-

449 4225 652 4281 flerent.
716 4231 851 4283 Quas
874 4230 1067 4285 decors
1086 4231 1258 4284 omnia
1271 4245 1517 4285 concessa

1617 1647 1838 1710 Neroni,
1859 1652 1918 1696 ut
1942 1652 2089 1710 puto,
2123 1644 2300 1695 favore
2323 1650 2376 1693 et
2396 1643 2684 1692 ambitione

1616 1722 1795 1772 matris
1816 1720 2158 1786 Agrippinae3
2201 1730 2302 1783 quo
2322 1718 2512 1766 decore
2536 1717 2683 1766 illum

1615 1798 1827 1861 propius
1865 1795 2176 1846 admovebat
2218 1793 2451 1856 imperio.
2544 1791 2681 1840 Nam

1611 1871 1917 1921 tribuniciam
1930 1875 2212 1935 potestatem
2238 1868 2464 1918 nondum
2484 1865 2682 1917 ambire

1611 1951 1837 2000 audebat
1857 1948 2083 2000 foemina.

1677 2027 1812 2076 Haec
1835 2026 2034 2076 Neroni
2054 2024 2311 2075 concessit
2333 2022 2577 2073 Claudius
2592 2036 2683 2072 ex·

1611 2104 1782 2166 emplo
1807 2102 2047 2167 Augusti,
2066 2103 2160 2167 qui
2182 2099 2370 2150 similia
2388 2105 2681 2162 usurparat,

1609 2192 1714 2227 non
1750 2179 1803 2227 in
1844 2178 2096 2242 privignis
2139 2183 2301 2240 certe,
2337 2175 2428 2224 sed
2466 2174 2519 2223 in
2556 2172 2678 2223 filiis

1611 2252 1735 2302 Caio
1758 2259 1811 2303 et
1829 2253 1991 2302 Lucio
2013 2253 2322 2303 Caesaribus.

1676 2329 1747 2376 Et
1770 2328 1924 2377 Caius
1950 2328 2172 2391 princeps
2194 2327 2467 2387 juventutis
2496 2326 2678 2389 appel-

1610 2407 1748 2455 latus
1770 2406 1835 2455 ab
1859 2406 2088 2473 equestri
2129 2406 2332 2468 ordine,
2366 2405 2454 2470 qui
2490 2405 2675 2455 titulus

1609 2481 1777 2532 veluti
1814 2482 2070 2532 secundus
2102 2482 2169 2531 ab
2205 2481 2476 2545 August03
2524 2486 2581 2530 et
2601 2481 2676 2531 sic

1611 2559 1738 2608 Caio
1773 2559 1984 2610 titulum
2019 2560 2252 2624 principis
2268 2565 2474 2624 senatus,
2503 2566 2562 2609 ut
2598 2559 2677 2609 fu·

1611 2641 1728 2685 turo
1771 2635 1996 2700 Augusti
2040 2638 2339 2699 successori,
2378 2636 2673 2686 ominaban·

1611 2716 1714 2760 tur.
1815 2749 1835 2761 ⁷

1673 2786 1815 2836 Dein
1833 2786 2051 2837 sublatis
2067 2786 2185 2836 filiis
2201 2786 2421 2850 Augusti
2444 2793 2500 2836 et
2515 2785 2675 2851 adop·

1607 2866 1719 2910 tato
1739 2861 1947 2912 Tiberio
1984 2863 2036 2911 in
2076 2868 2285 2925 gentem
2304 2862 2518 2925 Juliam,
2540 2862 2673 2912 Ger-

1607 2937 1836 2987 manicus
1859 2938 2024 3003 quiet
2047 2939 2236 2988 ascitus
2272 2938 2421 3002 jussu
2447 2937 2673 3001 Augusti

1609 3028 1640 3062 a
1655 3014 1865 3063 Tiberio
1886 3020 2018 3077 erat,
2042 3013 2197 3067 etiam
2213 3013 2434 3077 princeps
2448 3014 2674 3075 ,iuventu-

1602 3091 2018 3154 tisappellatus3
2064 3104 2167 3139 non
2205 3095 2377 3139 autem
2408 3090 2671 3154 Tiberius,

1601 3174 1664 3217 ut
1699 3168 1787 3233 qui
1816 3168 1930 3232 jam
1950 3167 2254 3216 tribuniciam
2282 3166 2563 3229 potestatem
2583 3168 2671 3215 ha·

1601 3244 1769 3306 beret,
1808 3259 1926 3307 quae
1971 3245 2126 3306 longe
2171 3242 2321 3291 altior
2359 3251 2416 3292 et
2455 3243 2670 3307 propior

1602 3319 1839 3382 imperio.

1667 3393 1808 3442 Hinc
1841 3395 1964 3445 Tac.
2005 3393 2092 3443 lib.
2116 3408 2180 3445 ιι.
2209 3394 2227 3423 ‘
2250 3396 2508 3459 Equester
2539 3393 2667 3451 ordo

1603 3482 1823 3519 cuneum
1846 3469 2144 3519 Germanici
2167 3468 2466 3533 appellavit,
2482 3469 2569 3533 qui
2583 3468 2670 3531 ju-

1601 3544 1799 3593 niorum
1825 3543 2128 3607 dicebatur,'
2149 3548 2249 3594 &c.
2304 3543 2453 3592 Ordo
2471 3545 2670 3609 Eques·

1603 3622 1697 3670 tris
1734 3621 1787 3669 in
1821 3635 1915 3669 sex
1952 3626 2143 3669 turmas
2177 3619 2524 3683 dividebatur,
2547 3634 2670 3684 qua·

1602 3710 1716 3746 rum
1737 3697 1952 3760 singulis
1969 3711 2099 3745 unus
2130 3703 2379 3760 praeerat,
2403 3697 2492 3760 qui
2512 3697 2668 3747 senior

1601 3774 1811 3836 equitnm
1832 3773 1972 3821 Rom.
1997 3772 2290 3822 dicebatur.
2372 3773 2506 3824 Quae
2530 3773 2668 3823 divi-

1601 3849 1678 3899 sio
1718 3863 1819 3897 non
1864 3849 2080 3911 hujusce
2123 3848 2241 3912 aevi,
2284 3854 2343 3898 ut
2384 3855 2531 3912 puto,
2562 3847 2666 3897 sed

1598 3940 1719 3975 rnox
1758 3924 1902 3976 facta
1939 3930 2038 3975 est.
2119 3924 2318 3978 Putant
2361 3930 2468 3974 tres
2504 3922 2664 3974 fuisse

1598 4008 1791 4051 turmas
1813 4001 2044 4067 equitum
2071 3998 2331 4064 juaniorum,
2371 4006 2429 4049 et
2466 4004 2573 4049 tres
2593 4011 2665 4050 so·

1662 4154 1916 4204 Censores
1933 4153 1987 4202 in
2007 4165 2223 4203 recensu
2238 4150 2494 4216 ordinum,
2502 4164 2662 4216 quens

1596 4229 1820 4297 primum
1843 4230 2049 4288 lionoris
2080 4235 2140 4281 et
2170 4229 2378 4284 virtutis
2415 4239 2574 4281 csuss
2588 4225 2661 4281 in
