3100 4925
1057 428 1476 479 ANNAmuM
1526 429 1677 478 Lm.
1720 429 1882 479 xm.
2410 414 2584 479 1471

321 485 324 486 γ
372 436 430 490 J.
455 434 650 498 Odia]
692 443 698 448 ”

374 575 647 657 opibusq
699 576 793 637 et4
848 572 1126 636 orbitate
1185 571 1432 637 Silanae
1482 572 1757 636 maritus
1796 571 2134 655 potiretur.
2239 571 2394 649 Illa,
2454 591 2579 656 spe

370 675 664 741 ultionis⁵
692 675 938 749 oblata,
968 678 1161 757 parat
1196 680 1637 739 accusatores*
1679 694 1766 738 ex
1815 672 2193 738 clientibus⁶
2222 676 2389 750 suiS,
2433 674 2577 740 Itu·-

372 776 568 840 rium⁸
593 781 658 839 et
703 774 1098 852 Calvisium,
1137 795 1265 839 non
1314 782 1537 841 vetera
1583 782 1651 841 et
1695 777 1947 861 saefflus
1992 778 2135 862 jam
2185 776 2417 840 audita
2464 776 2579 840 de·-

371 877 643 962 i'erenS,⁷
671 881 691 910 ‘
723 875 901 960 quod
945 876 1310 940 Britannici
1354 882 1630 941 mortem
1670 879 1940 960 lugeret,
1972 884 2088 943 aut
2123 877 2432 944 Octaviae
2480 878 2581 947 ine-

363 979 597 1063 jurias‘
623 981 956 1062 evulgaret
968 979 1006 1060 ;’
1052 980 1192 1056 sed,
1226 983 1245 1011 ‘
1278 979 1714 1046 destinavisse
1742 1000 1912 1059 eam,
1947 981 2333 1045 Rubellium
2365 980 2579 1045 Plau-.-

369 1158 555 1204 cunum,
577 1145 657 1192 sed
677 1158 734 1192 ne
754 1144 922 1204 conjux
931 1143 1180 1203 frueretur
1199 1144 1382 1193 divitiis
1402 1144 1598 1204 Silanae,
1618 1160 1720 1207 quae
1739 1145 1839 1193 sine
1856 1144 2017 1193 liberis
2039 1151 2190 1193 esset.
2225 1143 2579 1207 Illa,vindictae

370 1210 607 1257 occasione
637 1210 771 1269 data,
798 1208 1017 1257 subornat
1056 1209 1286 1258 delatores
1308 1209 1380 1258 'ex
1419 1209 1668 1258 clientibus
1686 1209 1803 1271 sitis,
1835 1209 2045 1257 Iturium
2077 1215 2126 1257 et
2152 1210 2446 1264 Calvisium;
2479 1223 2573 1257 non

371 1271 493 1320 olim
514 1272 691 1322 abolita
711 1277 760 1320 et
779 1272 950 1335 saepius
965 1272 1170 1335 repetito
1185 1272 1413 1331 objectans
1434 1273 1757 1337 Agrippinae,
1781 1273 1920 1336 quod
1943 1288 2103 1336 nempe
2126 1270 2278 1322 fleret
2300 1273 2575 1323 interitum

372 1336 679 1400 Britannici,
718 1342 809 1386 aut
852 1336 1145 1402 publicaret
1178 1336 1394 1401 injurias
1431 1338 1669 1388 Octaviae
1694 1354 1708 1386 ε
1761 1340 1843 1387 sed
1885 1337 2132 1387 statuisse
2165 1352 2297 1400 eam,
2329 1337 2394 1386 ad
2439 1351 2581 1390 nova

1293 1463 1649 1483 OOOOOOOOOOO

387 1584 392 1590 ·
432 1567 465 1612 4
498 1563 690 1612 Tentat
727 1563 806 1613 Cl.
844 1563 1109 1625 Ernestus,
1132 1577 1193 1611 ex
1234 1562 1551 1611 orbitate—5
1585 1562 1754 1625 Vulgo
1791 1561 1843 1609 in
1890 1563 2020 1612 Mss.
2061 1561 2392 1625 montenonis
2430 1575 2573 1612 causa

368 1624 542 1676 oblatu.
607 1627 826 1690 Irrepsit
845 1641 982 1675 causo
1021 1627 1087 1675 ob
1125 1633 1421 1689 corruptam
1458 1640 1638 1675 vocem
1661 1626 2004 1689 speculationis.
2070 1626 2388 1675 Puteolanus
2423 1633 2575 1676 recto

370 1691 686 1751 emendavit,
728 1706 810 1753 spe
850 1691 1060 1740 ultionis.
1150 1691 1293 1739 Male
1331 1695 1504 1739 autem
1547 1690 1781 1751 retinuit,
1813 1705 1967 1739 causa.
2026 1690 2357 1740 Breuem—(i
2389 1689 2572 1739 Codex

369 1769 512 1803 meus
532 1754 767 1804 clientulis
783 1771 802 1811 ;
823 1762 877 1803 et
906 1770 1063 1818 supra
1076 1755 1337 1803 clientelis.-
1371 1753 1508 1816 quod
1530 1754 1723 1803 amicus
1746 1769 1776 1802 a
1810 1755 1993 1803 Tacito
2023 1754 2295 1816 credebat,
2329 1753 2571 1815 quoniam

368 1820 416 1867 ei
452 1817 719 1880 familiare,
741 1826 799 1868 ut
841 1832 955 1868 xiv.
977 1824 1059 1868 61.
1131 1818 1273 1867 Hist.
1306 1832 1365 1867 11.
1387 1822 1468 1867 72.
1534 1818 1619 1866 Sic
1650 1818 1881 1872 obddium
1914 1832 2009 1880 pro
2041 1817 2197 1866 obside
2222 1819 2276 1866 iu
2313 1818 2414 1865 Ms.
2434 1831 2571 1865 ·meo

371 1895 463 1935 xv.
488 1889 535 1934 l.
569 1884 897 1947 Hyadum—7
933 1884 1035 1932 Ms.
1069 1882 1209 1935 Flor.
1244 1881 1584 1947 differens-8
1620 1883 1940 1945 Conjugioque
1973 1883 2069 1942 eins
2084 1881 2253 1946 potiri,
2273 1896 2328 1931 ae
2359 1880 2572 1945 rempub·

1362 1996 1582 2046 NOTAE
1622 2056 1630 2063 ,

434 2081 459 2116 ‘¹
491 2074 585 2124 Sed
607 2091 663 2124 ne
678 2076 864 2139 opibus]
905 2076 990 2125 Ne
1012 2076 1197 2140 opibus
1219 2082 1274 2126 et
1297 2075 1432 2125 orbi·

369 2154 481 2198 tate
502 2150 691 2199 Silanae
716 2152 932 2199 maritus
955 2152 1232 2215 potiretur,
1254 2152 1346 2201 sed
1373 2159 1430 2201 ut

367 2223 507 2275 forte
533 2226 644 2289 ipsa
669 2226 963 2291 Agrippina
985 2229 1112 2285 tales
1150 2243 1275 2291 opes
1297 2241 1429 2276 mor-

369 2306 425 2350 te
454 2301 640 2350 Silanae
673 2302 960 2367 exciperet,
983 2307 1065 2352 vel
1097 2304 1326 2353 amicitia
1375 2309 1431 2353 et

368 2374 575 2438 officiis,
598 2383 658 2425 ut
695 2376 956 2428 faciebant
980 2380 1223 2428 orborum
1256 2385 1432 2442 capta·

367 2456 509 2500 tores
550 2457 608 2501 et
650 2451 1010 2517 haeredipetae,
1052 2455 1135 2504 vel
1182 2461 1430 2518 tanquam

368 2524 533 2576 affinis
575 2534 629 2575 et
667 2528 853 2592 haeres,
889 2530 971 2578 vel
1010 2530 1148 2580 forte
1187 2531 1277 2580 illa
1333 2545 1429 2594 per

364 2602 568 2666 aliquod
607 2604 805 2655 crimen
843 2613 932 2655 aut
976 2607 1160 2657 saltem
1201 2606 1428 2656 criminis

366 2680 910 2739 praetextu-subversa.
1379 2719 1383 2723 -

429 2755 500 2803 Et
536 2763 678 2805 certe
712 2757 867 2819 paulo
901 2757 1231 2821 postssilono
1262 2758 1315 2808 in
1343 2773 1430 2807 ex·

362 2826 660 2887 itiumactos
698 2831 790 2879 sed
824 2822 949 2895 quid
982 2833 1322 2882 constitutum
1357 2834 1428 2882 sit

368 2905 436 2955 de
479 2907 617 2956 illius
664 2908 847 2970 opibus
900 2909 1018 2958 silet
1058 2909 1295 2960 Tacitus.
1357 2911 1428 2959 Et

365 2968 594 3034 nondum
616 2981 752 3032 forte
773 2984 822 3031 iu
848 2999 972 3047 opes
994 2984 1185 3033 alienas
1206 2983 1430 3050 inquire-

363 3056 464 3106 bat
479 3064 570 3106 aut
593 3058 841 3108 saeviebat
859 3061 1023 3109 Nero.

427 3133 526 3184 Sea
554 3149 611 3182 oe
632 3134 795 3196 ofitus
816 3134 1022 3200 Silana]
1062 3134 1240 3186 Vertit
1258 3136 1429 3186 Inter-

365 3223 484 3273 pres
509 3209 760 3271 Gallicus,
782 3211 926 3274 quasi
958 3225 1045 3260 eas
1080 3226 1210 3274 opes⁴
1240 3212 1427 3261 Silanae

291 3298 312 3311 “
363 3285 461 3334 sibi
494 3281 782 3334 destinaret
804 3283 1109 3348 Agrippina,
1129 3286 1266 3350 quod
1290 3301 1422 3351 proev·

363 3362 471 3413 eise
492 3377 594 3412 non
616 3361 809 3416 inferas
843 3377 908 3410 ex
946 3362 1132 3411 'facito
1155 3361 1256 3411 hic.
1312 3363 1422 3412 Nu-

359 3451 565 3487 mer-osa
587 3453 712 3500 gens
735 3438 1023 3487 Silanorum
1041 3435 1159 3500 fuit,
1183 3437 1269 3502 qui
1289 3437 1421 3489 hanc

362 3512 718 3563 haereditatem
742 3515 1064 3581 exciperent.

430 3588 501 3637 Et
542 3589 771 3652 quamvis
807 3589 979 3637 Silana
1021 3603 1143 3638 mox
1187 3588 1285 3638 alio
1324 3590 1424 3640 hoc

362 3675 489 3711 casu
520 3663 572 3711 in
603 3664 811 3724 exilium
853 3672 973 3714 acta
1012 3665 1101 3729 sit,
1121 3680 1225 3715 uon
1250 3673 1424 3717 tamen

363 3754 444 3791 eae
486 3755 611 3803 opes
669 3741 996 3804 Agrippinae,
1046 3742 1135 3796 sed
1175 3741 1290 3791 fisci
1333 3748 1424 3792 aut

364 3814 534 3863 aerarii
554 3821 720 3865 erant.
784 3815 872 3865 De
895 3814 1079 3879 quibus
1103 3822 1276 3866 tamen
1298 3817 1422 3882 quid

361 3889 561 3941 factum
585 3892 652 3940 sit
673 3893 793 3941 silet
824 3893 1053 3942 Tacitus.

429 3968 508 4017 Ne
538 3968 725 4035 opibus]
792 3969 914 4018 Non
956 3976 1014 4018 ut
1050 3971 1165 4034 ipsa
1206 3972 1422 4021 haberet

362 4061 488 4110 opes
519 4047 727 4110 Silanae,
748 4048 837 4097 sed
876 4061 942 4097 ne
987 4047 1264 4098 Africanus
1297 4050 1422 4111 ipsis

362 4129 562 4183 auctus,
586 4130 676 4172 aut
700 4114 919 4173 validior
952 4130 1108 4185 esset,
1141 4140 1294 4188 quam
1319 4124 1422 4173 Ne-

362 4212 444 4261 ro,
480 4197 548 4264 (si
588 4199 643 4248 id
680 4197 878 4247 consilii
922 4197 1069 4247 dedit
1103 4198 1421 4263 Agrippina)

363 4275 659 4340 priusquam
678 4272 1019 4338 adoptaretur
1035 4287 1066 4323 a
1082 4273 1319 4341 Claudio,
1338 4275 1424 4329 vel

1509 2081 1629 2139 post
1670 2075 2002 2139 adoptionem
2055 2075 2298 2138 Neronis,
2340 2086 2396 2123 et
2453 2080 2574 2138 post

1511 2152 1761 2215 adeptum
1781 2152 2074 2214 imperium,
2094 2166 2160 2200 ne
2186 2166 2266 2202 res
2288 2165 2447 2199 novas
2468 2165 2576 2199 mo-

1508 2228 1713 2277 liretur.
1779 2227 2028 2291 Ingentes
2048 2227 2185 2275 enim
2211 2240 2336 2289 opes
2362 2240 2571 2278 summm

1510 2303 1770 2353 nobilitati
1804 2303 2157 2366 conjunxisset
2195 2300 2493 2363 Africanus,
2529 2302 2574 2352 si

1512 2392 1636 2428 vera
1659 2377 1870 2427 Antonii
1902 2379 2074 2441 proles
2096 2377 2215 2440 fuit,
2236 2386 2292 2427 ut
2319 2379 2431 2427 vult
2449 2378 2572 2441 Lip-

1509 2469 1632 2504 sius.
1998 2476 2005 2481 ·
2387 2492 2395 2499 .

1573 2536 1594 2564 ¹
1624 2533 1949 2596 Accusatores]
1985 2531 2209 2581 Innuere
2232 2532 2439 2581 videtur
2476 2531 2576 2581 Su·

1508 2606 1710 2656 etonius
1771 2608 1900 2658 Ner.
1945 2612 2027 2657 ³4.
2083 2608 2250 2672 ipsum
2307 2609 2576 2663 Neronem.

1508 2683 1642 2734 tales
1666 2683 1924 2732 delatores
1945 2683 2209 2734 immisisse
2238 2683 2359 2732 dolo
2384 2690 2437 2733 et
2459 2699 2575 2748 pra-

1507 2757 1674 2807 vitate
1691 2758 1855 2807 suain
1884 2764 2133 2808 matrem:
2167 2760 2183 2788 ‘
2212 2759 2398 2822 Neque
2422 2767 2572 2808 certe

1508 2833 1562 2882 in
1584 2833 1871 2884 divexanda
1889 2835 2169 2898 quicquam
2186 2835 2333 2898 pensi
2353 2834 2532 2883 habuit
2553 2851 2569 2884 z

1507 2907 1770 2958 submissis
1825 2915 1882 2958 et
1936 2908 2024 2973 qui
2062 2910 2241 2958 Romae
2281 2916 2569 2958 morantem

1507 2984 1702 3046 litibus,
1718 2984 1843 3034 etin
1868 2998 2072 3034 secessu
2099 2984 2451 3047 quiescentem
2475 2998 2570 3047 per

1509 3060 1738 3110 convitia
1761 3068 1813 3109 et
1827 3061 2002 3125 jocos,
2025 3067 2166 3109 terra
2186 3059 2419 3124 marique
2436 3060 2570 3124 p'rae-

1511 3137 1860 3197 tervehenteS,
1881 3132 2268 3199 inquietarent?

1573 3220 1592 3244 ⁸
1612 3214 1842 3278 Iturium]
1885 3212 2088 3274 Verius,
2116 3211 2358 3261 Titurium
2369 3228 2390 3271 ‚·
2409 3216 2570 3276 atque

1500 3288 1578 3338 ita
1593 3288 1832 3337 scribunt
1853 3287 1971 3340 libri
1994 3295 2216 3348 veteres,
2236 3286 2370 3336 infra
2381 3286 2568 3338 Annal-

1502 3377 1623 3413 ΧΠ.
1688 3363 1868 3413 Simile
1915 3362 2160 3411 mendum
2189 3362 2286 3411 -ad
2340 3363 2406 3414 Q.
2444 3363 2572 3411 Fra-

1502 3443 1635 3487 trem
1654 3438 1784 3486 libro
1822 3450 1911 3486 ιιι.
1939 3436 2058 3486 ‘Ad
2093 3437 2377 3486 Labienum
2413 3445 2467 3487 et
2499 3438 2569 3489 ad

1506 3516 1771 3579 Ligurium
1805 3514 1980 3564 literas
2015 3513 2184 3564 dabo.’
2251 3515 2451 3575 Malim,
2486 3514 2570 3564 Ti-

1503 3591 1704 3649 turium,
1718 3590 1802 3653 qui
1825 3590 1879 3638 in
1896 3590 2114 3640 Caesaris
2136 3590 2333 3654 legatis.
2358 3590 2568 3653 Lipsius.

1569 3668 1586 3699 ⁸
1619 3666 1834 3715 Octaviae
1854 3665 2080 3729 injurias]
2132 3666 2376 3730 Intellige
2400 3666 2569 3717 Nero-

1503 3743 1582 3791 nis
1614 3743 1822 3806 injurias
1855 3742 1908 3791 in
1955 3742 2226 3792 Octaviam
2269 3756 2505 3804 uxorem,
2535 3757 2569 3792 a

1502 3835 1605 3884 qua
1626 3820 1956 3880 abhorrebat,
1979 3818 2060 3879 vel
2076 3817 2207 3881 fato,
2231 3820 2310 3868 vel
2329 3818 2448 3883 quia
2466 3818 2567 3868 illi-

1503 3897 1605 3947 cita
1622 3896 1786 3960 magis
1805 3896 2033 3958 placent.
2104 3895 2216 3943 Has
2238 3895 2452 3957 injurias
2473 3909 2566 3944 sae·

1502 3972 1615 4036 pius
1647 3971 1926 4035 evulgabat
1966 3971 2274 4034 Agrippina,
2308 3976 2367 4019 ut
2399 3970 2566 4020 Nero·
2614 3998 2619 4005 -

1501 4062 1620 4097 nem
1660 4048 1715 4096 iu
1755 4047 2000 4097 invidiam
2050 4046 2354 4107 adduceret,
2393 4052 2449 4094 et
2487 4044 2564 4094 sic

1501 4133 1697 4173 metum
1719 4124 1816 4188 ipsi
1839 4123 2056 4175 faceret.

1569 4201 1800 4263 Populus
1835 4200 2027 4264 quippe
2055 4201 2204 4249 Rom.
2237 4196 2455 4246 maxime
2488 4195 2566 4250 di-

1498 4275 1630 4328 lexit
1658 4276 1951 4340 Octaviam,
1981 4281 2041 4326 ut
2082 4290 2200 4342 quae
2237 4275 2350 4325 sola
2391 4272 2562 4339 gentis
