3100 4925
1163 422 1574 475 ΑΝΝΑωυΜ
1598 464 1603 467 .
1624 427 1769 476 ms.
1812 429 1958 478 x11.
2501 417 2672 485 1237

474 564 655 646 apud
684 583 854 646 qnos
881 563 1066 628 nulla
1090 564 1443 631 loricarum
1472 566 1884 649 galearumve
1911 572 2244 654 tegmina:
2273 580 2360 652 et,
2385 577 2444 639 si
2477 581 2668 643 auxi-

476 426 531 478 J.
556 426 615 476 C.
638 425 754 489 51]

354 688 370 695 ·
471 664 744 730 liaribus
787 667 1179 745 resisterent,
1232 668 1473 748 gladiis
1526 689 1608 733 ac
1654 671 1811 753 pilis
1874 673 2398 754 legionariorum,
2444 679 2500 739 si
2544 679 2670 744 huc

473 764 853 846 verterent‚‘¹
910 768 1194 850 spathis⁵
1259 775 1325 833 et
1394 770 1606 835 hastis
1680 772 2125 837 auxiliarium⁸
2199 778 2669 843 sternebantur.

474 865 674 933 Clara
716 891 797 934 ea
842 871 1120 934 victoria
1161 872 1309 948 fuit,
1358 879 1687 956 captaque
1732 871 1962 939 uxoref
1997 881 2062 939 et
2105 877 2243 941 filia
2294 877 2670 957 Caractaci,

433 958 442 965 ’
474 966 703 1033 fratres
739 980 1031 1054 quoqueg
1058 973 1128 1035 in
1158 958 1555 1037 deditionem
1586 977 1871 1058 accepti.

483 1121 492 1127 .
556 1070 663 1134 36.
708 1071 867 1153 Ipse
910 1070 1019 1156 (ut
1059 1071 1258 1135 ferme
1302 1073 1513 1137 intuta
1557 1079 1707 1138 sunt
1738 1075 2052 1159 adversa)
2102 1098 2250 1142 cum
2279 1078 2476 1144 fidem
2507 1080 2671 1146 Car-

470 1171 915 1249 tismanduae,¹
950 1171 1228 1254 Reginae
1261 1172 1670 1255 Brigantum,
1712 1175 2084 1258 petivisset,
2130 1178 2389 1242 vinctus
2419 1200 2501 1244 ae
2533 1184 2673 1247 vic-

470 1356 577 1390 rum
596 1348 680 1391 ant
695 1344 939 1404 galearum
957 1343 1241 1406 operimenta
1264 1349 1404 1407 sunt,
1425 1350 1490 1406 et,
1517 1345 1563 1393 si
1583 1347 1719 1394 sociis
1748 1347 2110 1410 reluctarentur,
2140 1348 2324 1399 ensibus
2344 1351 2485 1412 utque
2518 1352 2671 1401 hastis

473 1407 831 1467 legionariorum
847 1407 1258 1471 profligabantur-5
1289 1409 1333 1455 si
1351 1409 1403 1457 iu
1423 1410 1707 1470 legionarios
1723 1425 1773 1458 se
1790 1417 2041 1474 verterent,
2060 1414 2210 1474 spatis
2241 1418 2287 1462 et
2319 1415 2490 1462 lanceis
2525 1416 2671 1464 socio-

474 1484 578 1518 rum
598 1471 909 1520 caedebantur.
975 1472 1185 1532 Insignis
1204 1487 1259 1520 ea
1279 1472 1475 1522 victoria
1486 1472 1612 1538 fait,
1632 1479 1854 1538 captaque
1872 1475 2065 1538 conjuge
2082 1483 2129 1525 et
2145 1477 2261 1542 filia
2285 1474 2552 1542 Caraetaei,
2562 1479 2673 1538 fra-

477 1538 574 1589 tres
591 1539 735 1583 etiam
757 1535 891 1584 illius
914 1550 965 1584 se
984 1535 1288 1599 nostroefidei
1304 1541 1575 1598 permisere.

540 1599 646 1660 Ipse
685 1600 719 1662 (
719 1599 890 1658 atsere
907 1600 1029 1649 male
1036 1599 1159 1664 fidoe
1175 1605 1287 1648 sunt
1303 1614 1379 1649 res
1399 1601 1731 1664 improsperoe)
1765 1618 1868 1652 eam
1900 1588 2033 1666 opem
2064 1605 2353 1667 implorasset
2381 1607 2670 1656 Cartismau-

1393 1728 1748 1748 ‘‘‘‘‘‘‘‘‘‘

489 1812 494 1818 ‘
537 1813 565 1856 5
599 1809 920 1872 Hesychius:
955 1780 1383 1873 trien,ptcixaapa,
1403 1808 1549 1871 ξίφος.
1614 1810 1862 1874 vegetius
1883 1826 1921 1860 1.
1945 1818 2025 1861 15.
2058 1812 2075 1839 ‘
2095 1811 2290 1898 gladios
2306 1813 2526 1875 majores
2544 1828 2669 1877 quos

476 1874 683 1935 spathas
706 1881 909 1935 vocant,
931 1881 984 1923 et
1009 1876 1131 1922 alios
1155 1876 1375 1923 minores
1398 1889 1524 1938 quos
1548 1874 1887 1936 semispathas
1905 1882 2106 1925 vocant.
2183 1878 2323 1939 Ergo
2344 1876 2526 1939 spathis
2546 1877 2672 1927 scri-

474 1936 697 1985 bendum
721 1946 779 1985 ut
800 1938 853 1986 in
873 1938 980 1987 Ms.
1005 1937 1135 2001 Reg.
1157 1952 1261 1987 non
1277 1938 1442 2000 spatie.
1509 1937 1760 1989 Quoniam
1781 1945 1953 1988 autem
1979 1939 2043 1987 ab
2066 1940 2162 1988 hoe
2179 1939 2434 1989 vocabulo
2457 1946 2539 1988 est
2559 1939 2669 1990 Ita·
2690 1946 2695 1955 ‘

473 2000 638 2049 lorum
657 2002 954 2064 spada‚hinc
988 2002 1217 2050 nonnulli
1249 2007 1510 2064 corruptae
1549 2002 1848 2051 Latinitatis
1887 2004 2054 2053 dicam
2092 2003 2276 2052 Tacito
2307 2003 2669 2066 imprudenter

471 2064 823 2178 ffgfoemng’l
840 2066 1235 2193 cuaEluiripidi,
1274 2066 1593 2129 Menandros
1618 2065 1907 2117 Philemoni
1940 2067 2068 2116 illud
2109 2073 2410 2131 usurpatum
2446 2073 2669 2117 testetur

590 2143 658 2176 ux
681 2143 739 2178 x.
831 2164 844 2179 .
991 2145 1016 2178 c
1071 2145 1140 2179 us.

540 2197 564 2240 1
589 2193 808 2241 Variaut
829 2194 958 2242 Mss.
982 2194 1381 2256 Garumnam,
1405 2193 1823 2260 Cartamanduam,
1843 2194 2217 2260 Cartimandua,
2235 2195 2669 2259 Cartimanduam,

469 2254 608 2319 quod
632 2257 792 2319 magis
815 2265 1101 2327 receptum,
1124 2258 1403 2322 appellant.
1471 2258 1687 2308 Brotier.
2656 2268 2661 2275 “

1458 2409 1668 2463 NOTAE

472 2523 712 2576 incedere
734 2524 790 2574 in
808 2525 1028 2589 hostem,
1059 2531 1120 2574 ut-
1137 2525 1309 2588 gravis
1331 2530 1388 2575 et
1408 2525 1526 2575 sub·
1614 2523 1902 2588 pitolinum‚
1924 2523 1977 2572 in
2000 2521 2297 2574 Maximinis
2319 2521 2534 2572 duobus.
2569 2523 2671 2573 Lu-

472 2600 896 2664 signanusmiles.
1606 2614 1777 2664 panus.

486 2701 493 2725 ι
532 2683 555 2708 0
588 2677 736 2726 Nulla
756 2678 1009 2727 loricarum
1034 2678 1336 2738 galearumve
1357 2678 1531 2739 tegmi·
1679 2677 1874 2725 Mirum
1895 2682 1977 2726 est
2004 2674 2276 2726 barbarum
2308 2675 2502 2738 vocari,
2533 2674 2671 2737 quod

465 2750 549 2813 aa]
584 2750 828 2803 Attamen
859 2748 1074 2803 Tacitus
1115 2753 1168 2800 in
1207 2752 1315 2802 vita
1351 2752 1529 2816 Agric.
1616 2752 1859 2801 Graecum
1875 2758 1929 2800 et
1944 2752 2104 2815 ipsius
2119 2749 2394 2800 Menandri
2410 2755 2511 2798 est.
2548 2749 2672 2798 Gro-

465 2840 514 2875 c.
542 2830 620 2876 12.
668 2831 703 2856 ·‘
727 2830 854 2878 Fert
876 2828 1149 2877 Britannia
1172 2842 1355 2878 aurum
1378 2834 1433 2878 et
1456 2843 1534 2877 ar·
1613 2826 1798 2876 novius.

476 2910 704 2966 gentum,
725 2909 782 2952 et
805 2904 906 2953 alia
925 2902 1172 2953 metalla!
1624 2941 1627 2946 .
1681 2901 1810 2952 Ideo
1826 2907 1971 2966 puto,
1981 2900 2258 2951 barbarum
2271 2899 2531 2961 Romanis,
2554 2900 2674 2965 quia

483 3011 498 3018 η
528 2976 553 3010 ‘¹
586 2978 644 3027 Si
661 2980 752 3029 liae
770 2978 1029 3042 verterent]
1076 2980 1297 3043 Nempe,
1338 2979 1381 3027 si
1421 2979 1535 3028 Bri·
1616 2976 1880 3041 Graecum,
1911 2984 1968 3026 et
1988 2976 2106 3043 quia
2128 2975 2333 3025 barbari
2355 2974 2455 3039 ipsi
2479 2975 2674 3026 talibus

466 3054 609 3103 tanni
650 3068 707 3103 se
744 3062 1009 3106 verterent
1035 3069 1095 3104 ac
1130 3061 1533 3119 prorumperent
1617 3054 1878 3104 vocabulis
1902 3061 1958 3103 et
1971 3054 2123 3104 armis
2139 3052 2437 3116 utebantur,
2453 3065 2556 3101 non
2572 3052 2677 3102 Ro·

475 3130 525 3178 in
549 3131 874 3193 legionarios,
891 3137 1002 3180 tum
1022 3130 1247 3180 vicissim
1260 3130 1458 3192 spathis
1475 3136 1531 3180 et
1611 3130 1768 3179 mani.
1878 3160 1886 3170 ,
2232 3177 2237 3182 .

474 3205 654 3258 hastis.
679 3207 933 3256 sociorum
959 3204 1377 3269 'sternebantun
1433 3206 1531 3255 sibi
1674 3201 1693 3236 ¹
1725 3206 1973 3268 Captaque.
1995 3203 2161 3266 uxore]
2205 3205 2280 3253 Ut
2317 3201 2559 3265 fortunae,
2596 3204 2672 3252 ita

473 3286 649 3331 mutuo
666 3295 887 3343 manum,
904 3293 1112 3344 operam
1126 3292 1381 3343 opemque
1398 3294 1529 3343 prae-
1610 3287 1666 3331 et
1705 3281 1756 3330 in
1801 3288 2005 3344 partem
2043 3279 2352 3331 discriminis
2394 3281 2672 3330 veniebant

474 3355 679 3406 stabant
711 3356 975 3406 auxiliaris
1010 3361 1067 3405 et
1102 3355 1408 3419 legionarius
1439 3357 1530 3405 mi-

474 3430 565 3494 les,
578 3432 631 3480 in
652 3431 944 3481 sternendis
955 3428 1392 3495 profligandisque
1415 3431 1531 3481 iios-

537 3586 559 3612 θ
589 3580 786 3643 spathis
813 3585 860 3629 et
892 3581 1042 3631 hastis
1060 3577 1394 3643 auxiliarium]
1424 3579 1530 3630 Ob·

474 3670 622 3706 serva
658 3657 857 3714 diversa
886 3671 1026 3712 arma
1056 3657 1193 3706 inter
1223 3657 1529 3720 legionarios

475 3739 531 3782 et
552 3733 823 3783 auxiliares
843 3748 858 3794 ;
892 3733 992 3782 illis
1004 3733 1192 3796 gladios
1212 3738 1268 3782 et
1281 3732 1383 3795 pila
1397 3750 1420 3792 ;
1452 3733 1530 3783 his

472 3809 664 3872 spathas
681 3814 737 3858 et
756 3809 917 3857 hadas
937 3807 1139 3858 tribuit.
1204 3807 1412 3871 Spauta
1443 3822 1532 3856 au·

475 3890 581 3935 tem
598 3884 785 3945 gladios
805 3884 1001 3944 majores
1035 3883 1410 3946 interpretatur
1432 3884 1533 3933 Ve-

477 3961 663 4024 getius,
683 3974 744 4009 11.
769 3963 850 4010 15.
915 3960 1124 4024 Lipsius.

488 4066 500 4091 2
540 4035 737 4098 Spathis
757 4041 805 4084 et
826 4035 1000 4098 amis]
1034 4036 1228 4086 Mirum
1259 4042 1357 4099 est,
1387 4037 1531 4088 Taci-

477 4118 606 4173 tum,
636 4117 741 4160 tam
775 4110 920 4160 felici
960 4112 1149 4162 saeculo
1177 4112 1347 4176 spatha
1377 4112 1532 4162 verbo

476 4201 684 4253 prorsus
722 4186 945 4236 barbaro
986 4202 1160 4237 usum:
1211 4188 1349 4252 quod
1389 4189 1531 4251 leges

478 4263 614 4328 apud
646 4263 980 4329 spartianum
1010 4264 1064 4313 in
1084 4264 1335 4330 Adriano,
1354 4270 1412 4315 et
1434 4264 1533 4315 Ca·

1606 3355 1846 3418 foemiuae,
1868 3357 2296 3421 hortamentaque
2326 3362 2476 3405 eraut
2508 3363 2564 3404 et
2596 3356 2679 3405 inq

1610 3431 1893 3482 citamenta
1915 3429 2249 3481 fortitudinis.
2444 3441 2451 3446 ·
2482 3473 2487 3480 ,

1675 3513 1701 3549 ⁸
1733 3506 1932 3556 Fratres
1946 3505 2149 3570 quoque]
2180 3503 2265 3555 An
2287 3504 2475 3554 fratres
2497 3504 2671 3566 axonis

1611 3583 1767 3646 illius,
1787 3598 1854 3634 an
1874 3598 1998 3634 vero
2031 3582 2221 3633 fratres
2245 3583 2408 3647 ipsius
2431 3582 2673 3632 Caracta-

1612 3658 1690 3709 ci?
1725 3674 1840 3710 nam
1856 3660 1963 3710 Dio
1980 3660 2016 3710 l.
2031 3672 2122 3709 nx.
2140 3658 2370 3709 meminit
2384 3659 2672 3722 Togodum·

1612 3734 1664 3783 ni
1685 3732 1863 3784 fratris
1886 3734 2042 3798 illius,
2065 3747 2218 3803 quem
2254 3735 2480 3785 occisum
2501 3735 2671 3801 aliquo

1614 3809 1792 3873 praelio
1815 3807 1998 3859 refert.
2518 3849 2521 3852 Α

1632 3931 1637 3937 .
1677 3886 1692 3912 ‘
1718 3883 1954 3933 Plautius
1992 3884 2054 3933 iis
2093 3883 2397 3948 indagandis
2418 3885 2670 3950 (Britan-

1611 3958 1716 4024 nis)
1737 3961 1954 4010 multum
1974 3960 2163 4010 laboris
2194 3960 2447 4010 exhausit.
2513 3960 2685 4022 Post--

1612 4051 1763 4100 quam
1784 4036 1983 4086 invenit
2003 4037 2171 4100 (erant
2189 4029 2362 4086 autem
2377 4049 2481 4085 non
2496 4035 2683 4096 libari,

1609 4113 1702 4163 sed
1728 4112 1932 4176 regibus
1965 4112 2180 4162 diversis
2219 4111 2467 4175 subjecti)
2502 4112 2670 4174 primo

1611 4188 1964 4252 Caractacum,
1978 4202 2098 4237 mox
2113 4186 2503 4250 Togodumnum
2515 4184 2668 4234 Cino-

1611 4262 1789 4316 beliini
1830 4262 1964 4313 filios
2006 4261 2152 4327 vicit,
2190 4268 2342 4325 patre
2384 4266 2504 4311 ante
2534 4270 2667 4308 mor·
