3100 4925
360 441 415 494 J.
435 441 500 492 c.
522 439 630 503 ει]
1067 429 1479 482 ANNALnJM
1530 435 1677 481 ms.
1724 432 1865 483 x11.

2391 420 2563 486 1245

366 580 570 663 siqui
600 577 716 642 alii
743 576 1027 641 vinctos¹
1078 576 1301 660 Reges
1350 578 1616 659 Populo
1664 577 1867 642 Rom.
1894 577 2303 643 ostendere.’-¹
2386 577 2560 651 Gen-

366 688 585 746 sentur
613 684 635 713 ‘
664 677 934 743 Ostorio
975 679 1285 762 triumphi
1334 681 1618 760 insignia
1642 678 1681 760 3'
1724 682 2063 763 prosperis
2111 681 2197 743 ad
2239 680 2308 743 id
2366 682 2558 745 rebus
2662 722 2669 727 -

368 783 536 867 ejnS,
580 801 741 845 mox
792 781 1117 863 ambiguis
1138 789 1186 844 τ’
1229 782 1396 857 sive,
1448 782 1650 869 quod,
1694 787 1913 846 amoto
1945 781 2330 859 Caractaco,
2368 782 2563 865 quasi

368 883 759 948 debellatum
786 881 973 959 foret,
1016 882 1235 946 minus
1264 883 1508 945 intenta
1539 882 1718 964 apud
1763 902 1888 946 nos
1919 883 2159 946 militia
2209 882 2373 961 fuit3
2420 882 2563 945 sive

368 985 645 1061 hosteS‚²
667 983 1091 1046 miseratione
1115 984 1277 1048 tanti
1306 983 1762 1065 RegiS‚acrius
1789 983 1876 1048 ad
1903 985 2212 1048 ultionem
2237 1002 2564 1048 exarsere.

369 1085 767 1151 Praefectum
795 1086 1180 1148 castrorum²
1225 1090 1290 1148 et
1327 1084 1725 1164 legionarias
1754 1082 2107 1162 cohorteS,⁸
2151 1084 2564 1151 exstruendis

374 1187 553 1272 apud
615 1186 869 1249 Siluras
925 1184 1257 1267 praesidiis
1310 1185 1597 1262 relictas»,
1653 1185 2199 1249 circumfundunt.
2317 1183 2447 1263 Ac,
2491 1187 2563 1248 ni

376 1287 537 1353 citob
573 1308 611 1351 e
640 1287 807 1352 vicis
852 1292 921 1350 et
964 1285 1281 1355 castellis³
1302 1348 1317 1358 ,
1333 1286 1659 1368 proximis
1688 1287 2080 1352 subventum
2107 1287 2296 1365 foret,
2345 1286 2562 1369 copiae
2604 1356 2613 1365 ‚

377 1477 571 1526 Paulus
602 1475 841 1538 Persem,
873 1480 929 1525 et
971 1476 1015 1524 si
1045 1475 1133 1540 qui
1170 1476 1257 1525 alii
1279 1490 1341 1526 ca
1382 1476 1513 1526 tivos
1535 1491 1687 1541 reges
1719 1476 1910 1540 populo
1946 1477 2177 1526 Romano
2198 1483 2567 1526 monstravere.

378 1543 702 1590 Decernuntur
735 1548 1041 1589 ornamenta
1062 1541 1308 1604 triumphi
1389 1542 1571 1602 storio,
1605 1542 1818 1593 secundis
1839 1542 1900 1589 ad
1932 1540 1984 1588 id
2021 1556 2183 1605 usque
2207 1547 2412 1604 tempus
2432 1541 2570 1590 rebus

375 1605 521 1665 illius,
546 1610 706 1668 postea
725 1604 913 1652 dubiis:
942 1605 1041 1653 sive
1076 1605 1187 1667 quia
1206 1605 1392 1654 sublato
1416 1607 1696 1667 Caractaw,
1733 1605 1866 1667 quasi
1899 1605 2208 1667 profligatum
2229 1605 2395 1654 bellum
2414 1605 2570 1666 soret,

376 1670 531 1718 asinus
552 1670 654 1716 acri
672 1668 922 1730 disciplina
943 1667 1275 1727 militavimus3
1307 1670 1408 1718 sive
1430 1670 1551 1734 quia
1580 1669 1771 1717 barbari
1807 1669 2127 1717 misericordia
2163 1671 2288 1717 tanti
2317 1669 2568 1731 principis,

365 1732 576 1793 ferocius
594 1734 654 1780 ad
674 1733 999 1781 vindicandum
1020 1748 1227 1795 erupere.
1295 1734 1587 1794 Proesectum
1610 1738 1869 1782 castrorum
1891 1732 2278 1793 circumveniunt,
2311 1738 2359 1782 et
2380 1734 2569 1781 vexilla·

376 1797 478 1845 rios
492 1797 742 1858 legionum,
774 1796 856 1859 qui
887 1797 1176 1861 (edificandis
1196 1799 1320 1860 apud
1349 1796 1543 1846 Siluras
1564 1797 1768 1846 castellis
1789 1797 1946 1845 relicti
1967 1802 2118 1846 erant.
2185 1797 2257 1845 Ac
2289 1796 2383 1845 uisi
2402 1796 2568 1844 statim

375 1876 402 1911 e
421 1861 537 1911 vicis
553 1866 602 1910 et
631 1861 871 1924 presidiis
899 1861 1069 1909 vicinis
1088 1862 1314 1924 suppetias
1336 1863 1447 1910 latoe
1475 1861 1663 1923 forent,
1696 1860 1904 1909 cohortes
1927 1865 2029 1909 tum
2066 1861 2378 1910 internecione
2403 1862 2570 1909 deletae

1298 1984 1385 2003 ‘O‘
1391 1985 1473 2004 '00
1477 1984 1590 2003 ‘On
1596 1985 1653 2003 Ν

451 2076 477 2121 1
513 2071 596 2122 Sic
625 2070 783 2122 editio
816 2069 1074 2136 princepS,
1107 2076 1162 2119 et
1197 2069 1324 2119 Mss.
1363 2069 1501 2118 Flor.
1526 2069 1677 2120 Harl.
1698 2070 1851 2121 Bodl.
1885 2071 1994 2122 Jes.
2018 2070 2192 2122 Guelf.
2235 2040 2572 2132 Puteolanus,

381 2136 641 2189 victos—2
673 2137 735 2185 In
761 2137 862 2185 Ms.
900 2138 1031 2197 Reg.
1055 2140 1111 2184 et
1133 2133 1365 2182 editione
1405 2133 1642 2198 principe
1662 2135 1761 2184 sive
1796 2137 1917 2199 quod
1953 2137 2220 2185 hostem—8
2255 2136 2318 2184 In
2352 2135 2482 2185 Mss.
2516 2140 2572 2183 et

384 2201 693 2252 editionibus
730 2199 991 2251 veteribus
1025 2198 1211 2269 nunciis
1246 2202 1295 2247 et
1330 2197 1565 2247 castellis.-
1599 2198 1736 2249 unde
1762 2197 2138 2250 emendandum
2160 2199 2385 2263 videtur,
2403 2200 2456 2249 ni
2477 2198 2573 2248 cito

1368 2343 1591 2394 NOTAE

450 2465 476 2491 ¹
517 2456 711 2510 Vinctos
743 2457 898 2522 Reges
919 2458 1097 2522 Populo
1129 2458 1270 2509 Rom.
1290 2463 1440 2509 osteu-
1521 2457 1632 2509 fero
1666 2457 1938 2524 legendnm
1961 2472 2091 2520 esse,
2121 2456 2196 2507 Ac
2215 2456 2266 2505 ui
2285 2453 2379 2506 cito
2412 2468 2438 2503 e
2461 2454 2576 2504 vicis

387 2533 520 2597 dere]
547 2533 759 2598 vulgati
775 2534 983 2596 habent,
1016 2536 1168 2584 victos
1196 2550 1351 2597 reges,
1386 2541 1444 2584 et
1522 2540 1570 2584 et
1590 2536 1792 2585 castellis
1805 2534 2053 2598 proximis,
2082 2536 2161 2598 ξε.
2226 2531 2364 2582 Nam
2387 2530 2576 2595 quibus

388 2614 609 2673 utraque
649 2624 746 2661 vox
779 2624 983 2660 sensum
1023 2611 1215 2661 habet:
1269 2617 1443 2660 tamen
1520 2610 1650 2659 vicis
1674 2615 1763 2659 aut
1801 2609 1917 2659 aliis
1946 2608 2172 2666 castellis
2203 2606 2579 2666 subvenissent,

387 2685 678 2735 Florentini
747 2687 1023 2736 lectionem
1096 2686 1271 2735 malui.
1355 2686 1443 2734 Pi·
1524 2699 1640 2749 quae
1677 2684 1903 2734 nondum
1940 2689 2137 2733 structa
2177 2681 2355 2730 erant?
2404 2680 2576 2742 potius

391 2761 552 2811 chena-
1439 2785 1446 2794 =
1527 2766 1608 2809 est
1633 2768 1691 2810 ut
1724 2759 2058 2809 subvenerint
2083 2755 2331 2820 praefecto
2352 2755 2580 2803 ¹eircum-

448 2837 647 2888 -Melius
668 2839 862 2901 cinctos,
899 2852 997 2888 nec
1038 2839 1083 2887 si
1114 2853 1215 2902 qua
1237 2852 1338 2887 vox
1358 2838 1449 2887 bo·
1527 2840 1702 2895 vento,
1733 2849 1798 2883 ex
1836 2833 2084 2897 proximis
2119 2829 2372 2894 praesidiis
2395 2827 2580 2876 Roma-

385 2927 515 2964 num
543 2929 746 2964 sensum
767 2914 917 2977 facit,
950 2915 1125 2965 statim
1148 2913 1468 2964 asciscenda.
1528 2915 1729 2972 norum,
1769 2924 1883 2974 quae
1915 2907 2033 2972 jam'
2066 2913 2190 2956 ante
2232 2902 2484 2967 disposita
2525 2909 2582 2952 et

392 2996 493 3040 est.
557 2990 690 3044 Haee
712 3004 913 3040 sensum
937 2990 1156 3055 aliquem
1172 2990 1328 3040 facit:
1370 3005 1448 3040 es·
1527 2987 1726 3036 munita
1763 2990 1929 3047 erant,
1971 2984 2047 3033 ita
2077 2991 2137 3032 ut
2157 2981 2376 3030 invicem
2400 2979 2579 3029 subve-

393 3073 468 3131 to,
487 3067 575 3117 sed
594 3082 695 3116 non
714 3067 883 3117 Taciti
900 3067 1136 3130 praecise.

460 3152 483 3186 5
515 3145 637 3193 Mox
656 3142 910 3205 ambiguis]
942 3142 1007 3191 Id
1028 3149 1127 3203 est,
1147 3142 1331 3206 dubiis,
1355 3143 1449 3192 ini-

395 3221 526 3286 quis,
547 3220 786 3283 adversis,
802 3220 868 3268 im
873 3219 1153 3282 prosperis.

465 3304 485 3329 ²
533 3296 822 3356 Proefectum
860 3293 1139 3356 murm-um]
1188 3292 1452 3353 Proefeclus

396 3375 489 3424 ille
510 3378 765 3424 castrorum
793 3372 931 3422 haud
955 3372 1110 3421 dubie
1132 3372 1315 3422 missus
1338 3378 1451 3421 erat

401 3465 518 3504 cum
537 3450 802 3499 vexillariis
821 3449 1100 3511 legionum,
1124 3461 1251 3512 quos
1274 3446 1344 3495 ibi
1366 3463 1456 3496 vo-

404 3533 492 3576 cat
529 3526 735 3574 Tacitus
774 3524 1058 3586 legionarias
1101 3524 1328 3585 cohortes,
1370 3538 1456 3571 ex-

402 3602 663 3653 struendis
685 3602 906 3651 castellis
940 3608 994 3651 et
1035 3601 1306 3665 praesidiis,
1347 3597 1458 3664 qui-

302 3691 312 3701 ·
402 3679 501 3728 bus
522 3679 748 3728 intentus
777 3678 843 3726 ab
881 3677 1111 3726 hostibus
1140 3677 1458 3726 circumven-

406 3761 490 3803 tus
529 3758 626 3802 est.
705 3753 791 3802 Sic
828 3767 979 3815 supra
1020 3753 1055 3799 l.
1095 3765 1134 3801 1.
1179 3750 1459 3814 praefectus

408 3835 711 3889 castrorum,
737 3843 852 3893 qnae
890 3828 1154 3891 praecipua
1186 3834 1304 3889 post
1327 3828 1461 3889 lega·

408 3913 492 3957 tos
522 3907 774 3969 legionum
809 3905 1050 3968 dignitas,
1084 3904 1327 3964 ducebat,
1362 3919 1462 3953 non

407 3980 640 4046 legiones
661 3981 906 4045 integras,
924 3980 1014 4030 sed
1033 3986 1233 4043 partem
1249 3975 1464 4040 legionis

409 4057 494 4106 vel
521 4056 796 4119 legionum,
834 4070 1017 4119 nempe
1054 4053 1341 4116 vexillarios,
1373 4066 1465 4100 seu

399 4130 649 4183 *cohortes
680 4146 710 4180 e
744 4131 1031 4194 legionibus
1067 4120 1360 4180 abstractas
1399 4126 1465 4176 ad

412 4207 698 4260 ministeria
729 4206 868 4256 belli.
933 4206 1017 4255 Ibi
1053 4206 1210 4267 igitur
1241 4210 1469 4252 exstrue·

413 4284 507 4336 bat
536 4282 753 4335 castella
769 4280 1050 4348 praefectus
1080 4280 1202 4331 ille:
1235 4279 1372 4330 unde
1391 4277 1471 4328 in·

1527 3061 1639 3110 nire
1663 3061 1758 3110 sibi
1781 3068 1836 3110 et
1856 3059 2179 3110 ulterioribus
2203 3064 2434 3121 possent.
2576 3077 2585 3088 =

1593 3143 1619 3169 ⁸
1679 3136 1986 3198 Legionarias
2024 3132 2255 3195 cohortes]
2341 3130 2591 3193 Intellige·

1528 3213 1799 3261 vexillarios
1832 3211 2110 3273 legionum,
2147 3222 2272 3273 quos
2303 3220 2395 3270 pro
2433 3205 2584 3254 solito

1530 3286 1754 3336 ducebat
1770 3285 2019 3348 prefectus
2040 3289 2315 3343 castrorum,
2346 3281 2433 3344 qui
2456 3294 2586 3343 prae·

1532 3362 1793 3411 eminebat
1813 3360 2047 3408 Tribunis
2079 3366 2132 3408 et
2174 3356 2588 3415 Centurionibus,

1536 3439 1603 3487 ad
1659 3437 1950 3486 necessaria
2008 3449 2192 3499 nempe
2244 3442 2300 3483 et
2350 3430 2590 3493 urgentia

1537 3507 1657 3565 belli
1683 3513 1977 3562 ministeria.
2592 3553 2597 3557 ,

1602 3590 1738 3639 Nam
1775 3587 1992 3637 delectae
2014 3592 2071 3635 et
2099 3582 2356 3647 expeditae
2381 3581 2484 3630 111ae
2506 3575 2590 3630 cb-

1538 3667 1714 3715 hortes
1760 3678 1868 3727 prae
1913 3669 2028 3712 tota
2063 3659 2285 3723 legione,
2327 3672 2443 3721 quae
2488 3671 2594 3705 non

1538 3743 1648 3791 sine
1666 3741 1810 3803 gravi
1826 3738 2174 3788 machinarum
2192 3741 2248 3784 et
2267 3732 2597 3797 impedimen-

1541 3825 1711 3869 torum
1732 3822 1985 3880 apparatu
2001 3812 2294 3864 incedebat.

1608 3893 1849 3943 Ducebat
1870 3899 2039 3941 autem
2075 3891 2190 3938 illas
2224 3886 2477 3950 praefectus
2496 3901 2601 3938 casa

1544 3977 1745 4032 trorum,
1785 3969 1872 4033 qui
1910 3967 2120 4016 inferior
2155 3967 2326 4028 legato
2360 3962 2600 4026 legionis,

1546 4052 1747 4096 ceteros
1786 4053 1959 4094 tamen
1994 4043 2302 4106 auctoritate
2337 4039 2603 4103 praecelle-

1548 4123 1659 4172 bat.
1724 4121 1857 4171 Vide
1879 4122 1914 4170 1.
1931 4134 1970 4170 1.
1994 4120 2158 4169 initio.
2598 4137 2605 4142 ·

1612 4195 1637 4230 ¹>
1657 4198 1750 4259 Ac,
1768 4197 1820 4245 ui
1840 4195 1960 4258 cito]
1991 4194 2319 4258 Intelligunt‚
2340 4191 2486 4256 quasi
2507 4204 2602 4252 per

1547 4272 1766 4323 nuncios
1784 4270 1956 4333 fieret,
1977 4267 2068 4333 qui
2089 4282 2159 4319 ex
2184 4266 2312 4319 vicis
2330 4261 2402 4320 et‘
2417 4262 2604 4314 castel·
