3100 4925
438 392 612 457 1366

1152 396 1233 457 c.‘
1264 397 1627 453 connum
1675 397 1930 450 rAmrr

2325 401 2415 469 [Α.
2440 371 2508 457 n.
2527 395 2642 455 soe.

431 550 750 618 sallinam·
764 553 829 612 et
854 548 1120 614 Silium.
1207 542 1425 612 Pares'
1470 547 1710 611 iterum
1740 541 2147 608 accusandi‘
2189 553 2430 608 causas
2468 561 2642 623 esse,

445 716 621 761 natam
641 710 996 761 Messallinam
1019 716 1074 759 et
1094 709 1294 759 Silium.
1359 707 1439 759 Ac
1464 723 1617 772 pares
1642 722 1819 757 rursus
1859 704 2135 757 deferendi
2170 705 2432 756 foeminam
2466 721 2647 757 causas

1442 838 1655 890 NOTAE

385 960 394 968 ⁰
439 967 655 1028 lautam,
685 967 876 1032 ‘pares
905 982 1091 1017 causas
1119 983 1253 1031 esse,
1293 969 1337 1018 si
1360 969 1506 1019 Nero

439 1046 768 1108 imperitaret
788 1045 821 1104 ;'
856 1046 909 1093 id
933 1052 1038 1110 est,
1075 1046 1117 1094 si
1141 1046 1358 1110 imperio
1391 1060 1508 1108 pro-

439 1121 560 1183 pius
578 1121 958 1182 admoveretur.

486 1187 626 1243 'Nec
671 1202 817 1243 certe
860 1194 1111 1244 defuisset
1154 1196 1332 1245 Caesar
1375 1196 1506 1258 ipse,

437 1270 853 1334 castigassetque
894 1271 1254 1334 impotentiam
1310 1278 1365 1321 et
1419 1270 1507 1319 fla-

415 1345 570 1406 gitia
609 1347 805 1409 uxoris,
847 1351 905 1394 nt
945 1352 1097 1409 patet
1142 1362 1208 1394 ex
1253 1361 1316 1394 ea
1357 1361 1507 1406 voce,

444 1438 595 1485 quam
619 1423 950 1484 temulentus,
990 1424 1127 1471 serio
1167 1429 1359 1484 tamen,
1394 1437 1511 1485 pro-

445 1497 723 1560 nuntiavit,
755 1498 1092 1562 praemonitus
1129 1498 1265 1546 haud
1300 1498 1454 1546 dubie
1478 1514 1510 1546 a

441 1574 634 1622 liberto
658 1589 750 1622 suo
792 1574 1055 1633 Narcisso,
1090 1574 1182 1623 sed
1220 1589 1419 1622 veneno
1443 1574 1507 1622 ab

447 1648 532 1698 illa
555 1655 855 1710 praeventus
878 1655 974 1698 est.

513 1723 585 1774 At
607 1726 648 1773 si
674 1719 1003 1773 Britannicus
1045 1724 1368 1786 succederet,
1386 1725 1508 1773 hac-

447 1806 598 1848 teuus
639 1800 768 1848 nihil
805 1800 872 1848 de
911 1801 1009 1848 hoc
1052 1800 1289 1863 principe
1310 1816 1366 1849 se
1402 1816 1508 1849 me-

444 1875 631 1934 ruisse,
669 1881 899 1923 attamen
934 1889 1069 1923 nuuc
1101 1875 1233 1923 bene
1276 1876 1509 1923 merendi

449 1943 549 1999 sibi
593 1951 707 1997 dari
751 1951 1089 2012 occasionem,
1137 1951 1258 2013 quia
1299 1966 1509 1998 novercae

439 2026 638 2075 insidiis
678 2026 854 2073 domus
901 2026 1064 2073 omnis
1107 2027 1508 2086 convelleretur,

439 2102 642 2164 majore
717 2100 915 2164 flagitio
974 2114 1126 2164 quam
1196 2101 1509 2149 Messallinae

448 2176 605 2235 olim3
642 2182 697 2225 et
718 2191 785 2223 ne
808 2190 942 2224 nunc
974 2174 1318 2237 impudicitiam
1355 2177 1513 2224 etiam

447 2247 624 2313 abesse,
659 2253 877 2301 Pallante
913 2253 1146 2313 adultero,
1184 2257 1244 2299 ut
1284 2256 1337 2299 et
1360 2258 1515 2299 antea

444 2325 593 2388 Silio,
615 2335 669 2377 et
708 2327 1045 2390 Agrippinam
1066 2328 1309 2389 pudorem,
1328 2342 1513 2391 corpure,

447 2403 626 2452 'omnia
646 2418 793 2466 regno
817 2404 984 2450 viliora
1005 2402 1189 2451 habere.

502 2481 631 2530 Quae
651 2479 850 2541 flagitia
860 2494 1086 2539 novercoe,
1109 2494 1224 2542 quae
1241 2480 1374 2541 mala
1392 2493 1512 2527 con·

447 2557 580 2619 silia,
601 2558 644 2604 si
682 2556 910 2605 deferret
935 2556 1367 2618 subverteretque
1402 2571 1511 2604 rur-

451 2649 537 2683 sus
583 2633 877 2692 Narcissus,
920 2645 1057 2680 nnnc
1100 2630 1166 2678 de
1207 2631 1508 2679 Britannico

343 2726 356 2731 ·
448 2711 585 2759 bene
607 2723 662 2758 se
682 2708 1003 2757 meriturum.
1058 2709 1073 2735 ‘
1100 2707 1229 2756 Haec
1246 2706 1512 2770 dictitans,

447 2784 697 2847 amplecti
718 2783 1093 2843 Britannicum,
1117 2780 1233 2832 &cl

514 2869 541 2906 ε
574 2862 725 2911 Pares
741 2861 919 2910 iterum
957 2858 1226 2920 accusandi]
1293 2857 1379 2906 Ita
1398 2858 1508 2907 haec

452 2936 816 2999 distinguenda
886 2942 1036 2984 sunt:
1103 2933 1203 2982 etsi
1269 2938 1513 2995 srrspecta

443 3011 642 3060 mendi.
706 3010 948 3073 Lipsius.x

441 3104 448 3108 ·
516 3087 671 3136 Pares
711 3085 909 3147 iterum]
975 3086 1138 3132 Pares
1182 3084 1373 3132 iterum
1394 3097 1513 3132 cau-

440 3175 535 3212 sas
579 3174 695 3210 esse
748 3159 1050 3215 accusandi.
1069 3158 1432 3223 Agrippinam,
1459 3160 1511 3229 ‘si

454 3238 602 3288 Nero
639 3236 936 3300 imperaret,
977 3236 1097 3300 quia
1138 3242 1197 3285 nt
1229 3237 1516 3298 imperaret

443 3314 561 3376 ille,
626 3312 918 3376 Agrippina
970 3313 1299 3362 convellebat
1350 3319 1514 3362 totam

455 3390 664 3440 domum
684 3389 952 3452 principie,
974 3394 1029 3438 et
1052 3389 1393 3437 insidiabatur
1412 3388 1514 3451 ipsi

449 3466 668 3529 Caesari,
692 3475 754 3517 et
769 3466 891 3530 quia
913 3467 965 3514 in
1003 3466 1060 3515 id
1098 3467 1362 3529 impudica
1397 3470 1516 3514 erat

451 3541 696 3592 Pallante
711 3543 966 3605 adultero,
984 3549 1043 3590 nt
1058 3542 1362 3590 Messallina
1371 3541 1515 3602 Silio,

445 3624 510 3666 et
531 3618 606 3666 sic
648 3633 786 3680 pares
819 3618 1008 3666 iterum
1045 3616 1321 3664 accusandi
1357 3630 1518 3663 emmas

439 3693 691 3755 ·rediisse,
723 3694 767 3742 si
810 3694 943 3741 Nero
970 3694 1286 3755 imperitaret.
1351 3690 1514 3738 Intel-

452 3770 577 3832 lige,
619 3769 661 3816 si
705 3783 934 3829 consors,
975 3768 1018 3815 si
1060 3766 1260 3827 collega
1310 3766 1515 3827 imperii

445 3844 822 3909 destinaretur,
842 3858 934 3892 seu
956 3840 1300 3892 ascisceretur
1319 3857 1349 3888 a
1363 3842 1514 3890 Clau·

453 3918 559 3969 dio.

443 4020 450 4027 ·
508 3988 618 4047 'Vel
636 4004 777 4061 pares
795 3997 968 4046 iterum
989 3996 1240 4045 accusandi
1257 4009 1438 4057 emmas,
1471 3995 1519 4044 si

455 4072 601 4124 Nero
624 4072 969 4136 imperitaret,
993 4073 1111 4137 quia
1150 4073 1217 4121 ob
1249 4073 1302 4121 id
1338 4084 1521 4135 perpe-

443 4157 548 4201 ·tuo
563 4150 949 4200 dominantibus
967 4149 1308 4199 insidiabatur
1326 4148 1515 4212 Agrip·

437 4229 675 4305 *plumat
696 4228 817 4294 quia
850 4228 1112 4305 impudica
1146 4227 1336 4278 iterum
1357 4227 1517 4276 soemi-

1588 983 1671 1032 na,
1693 967 1934 1016 Pallante
1975 967 2230 1027 adultero,
2267 964 2400 1030 quod
2434 962 2647 1026 impium

1587 1044 1638 1091 in
1665 1044 1970 1106 principem,
1992 1044 2128 1107 quod
2151 1041 2412 1092 exitiabile
2428 1038 2650 1103 principi

1588 1126 1644 1168 et
1678 1118 2010 1181 principatui.
2079 1118 2183 1167 Sed
2218 1118 2400 1165 melior
2440 1128 2646 1163 sensns:

1587 1194 1708 1257 quia
1746 1194 2074 1241 insidiaretur
2110 1192 2402 1255 Agrippina
2436 1188 2650 1239 Claudio

1590 1276 1645 1318 et
1666 1270 1791 1330 filio,
1814 1278 1869 1317 ut
1892 1284 2077 1333 nempe
2098 1269 2381 1331 imperaret
2402 1267 2562 1315 Nero.

1658 1347 1809 1394 Pares
1827 1347 1997 1395 iterum
2016 1344 2264 1394 accusandi
2286 1358 2448 1392 causas
2464 1351 2577 1402 esse,
2609 1340 2653 1388 si

1593 1423 1725 1471 Nero
1750 1423 2069 1485 imperitaret]
2124 1422 2226 1472 Qui
2248 1428 2302 1469 et
2326 1434 2429 1484 qua
2446 1417 2648 1467 ratione

1591 1504 1799 1548 accuset
1843 1500 2059 1548 libertus
2109 1500 2266 1547 etiam
2313 1494 2650 1559 Agrippinam

1588 1582 1822 1636 matrem,
1857 1575 1899 1622 si
1942 1576 2084 1623 Nero
2126 1572 2426 1635 imperitet?
2491 1569 2651 1618 Certe

1588 1650 1711 1712 quia
1735 1651 1788 1697 in
1821 1650 1875 1697 id
1915 1665 2008 1711 par
2046 1648 2393 1712 impudicitia,
2415 1660 2510 1709 par
2550 1659 2653 1695 am·

1590 1725 1717 1774 bitio
1741 1724 2051 1788 Agrippinae
2074 1740 2134 1773 ac
2157 1724 2487 1773 Messallinae.

1655 1803 1754 1850 Sed
1788 1803 1877 1865 qui
1915 1807 2126 1851 accuset
2162 1806 2381 1849 matrem
2420 1797 2559 1862 apud
2594 1794 2654 1846 fi-

1588 1880 1712 1927 lium
1765 1879 2073 1941 principem,
2119 1878 2258 1940 apud
2299 1878 2579 1936 Neronem,
2611 1874 2656 1923 si

1589 1954 1910 2015 imperaret?
1966 1968 2085 2000 narn
2151 1951 2262 2000 fere
2320 1961 2421 1998 non
2474 1949 2656 1998 habuit

1593 2028 1731 2076 aliud
1754 2029 1947 2076 crimen
1971 2034 2152 2087 mater,
2186 2040 2338 2090 quam
2363 2026 2540 2073 datum
2563 2024 2654 2071 im-

1594 2103 2012 2165 periumNeroni
2031 2102 2157 2162 filio,
2181 2107 2234 2150 et
2257 2101 2323 2149 ob
2343 2100 2398 2148 id
2432 2098 2652 2161 impudi-

1594 2180 1713 2227 citia
1735 2179 1865 2241 ipsa.
1911 2180 2039 2227 Tae.
2074 2183 2088 2206 ⁸
2117 2177 2246 2225 nihil
2283 2177 2420 2224 domi
2440 2174 2657 2236 impudi-

1594 2269 1728 2315 cnm,
1750 2256 1847 2303 nisi
1871 2261 2116 2319 quantum
2139 2251 2474 2302 dominationi
2496 2264 2652 2314 expe·

1596 2330 1764 2382 diret!
2392 2366 2398 2371 .
2538 2339 2548 2347 ⁸
2583 2343 2591 2348 ·
2625 2335 2633 2349 ²

1660 2406 1817 2454 Forte
1836 2405 1919 2455 hic
1959 2420 2136 2454 sensus
2172 2404 2273 2453 sit:
2308 2417 2447 2468 pares
2481 2402 2654 2450 iterum

1591 2482 1842 2530 accusandi
1884 2497 2067 2541 causus,
2105 2481 2148 2529 si
2188 2481 2299 2544 quis
2340 2479 2577 2540 auderet,
2611 2477 2655 2527 si

1594 2557 1853 2607 vindicare
1908 2559 2070 2606 vellet
2122 2555 2385 2607 Claudius.
2451 2554 2651 2618 Supra:

1597 2636 1613 2661 ⁴
1629 2633 1806 2681 Fatale
1829 2633 1926 2680 sibi
1951 2640 2006 2681 ut
2023 2633 2298 2695 conjugum
2322 2629 2519 2693 flagitia
2551 2628 2656 2678 fer·

1588 2717 1690 2770 ret,
1729 2708 1846 2756 dein
1888 2709 2097 2771 puniret
2119 2707 2148 2766 ς’
2198 2702 2275 2755 vel
2309 2721 2449 2769 pares
2478 2705 2653 2753 iterum

1585 2783 1856 2842 accusandi,
1874 2797 2040 2830 causas
2073 2794 2169 2829 esse
2187 2796 2205 2836 ,·
2235 2787 2456 2829 matrem
2490 2778 2654 2828 etiam

1585 2858 1730 2921 apud
1750 2858 1928 2920 tilium,
1950 2859 2070 2922 qnia
2098 2857 2380 2919 impudica,
2393 2856 2656 2920 quiman-

1588 2935 1781 2984 bitiosa
1801 2935 2003 2995 mulier,
2027 2949 2144 2997 quae
2188 2933 2350 2983 filium
2377 2935 2547 2995 ipsum
2558 2933 2657 2981 im-

1592 3010 1907 3073 peritantem
1927 3011 2152 3059 tolerare
2173 3009 2439 3073 nequibat,
2461 3023 2579 3072 qua’
2601 3013 2657 3056 et

1590 3085 1661 3133 de
1697 3085 1842 3135 facto
1877 3096 2064 3150 postea
2101 3093 2349 3135 accusata
2382 3091 2483 3145 est,
2520 3085 2658 3134 velle

1590 3162 1785 3210 amasio
1803 3175 1895 3209 suo
1909 3162 2117 3210 Plautio
2136 3161 2353 3209 tradere¹
2366 3160 2656 3222 imperium.

1661 3237 1807 3285 Infra
1851 3237 1888 3284 1.
1934 3250 2060 3285 xnr.
2107 3241 2186 3286 19.
2253 3238 2268 3264 ‘
2300 3236 2655 3285 Destinavisse

1588 3329 1709 3364 eam
1734 3314 2029 3363 Rubellium
2058 3314 2305 3361 Plautum
2347 3326 2444 3375 per
2473 3317 2658 3359 mater·

1594 3407 1713 3440 nam
1732 3391 1981 3454 originem
2020 3390 2134 3452 pari
2156 3388 2402 3438 ac.Nero
2438 3387 2601 3451 gradu
2622 3401 2656 3435 a

1601 3468 1737 3517 Divo
1755 3467 1991 3530 Augusto
2015 3467 2080 3515 ad
2099 3480 2178 3514 res
2200 3480 2359 3513 novas
2378 3465 2657 3522 extollere,

1592 3541 2072 3607 conjugioqueejus
2094 3542 2251 3590 etiam
2267 3541 2483 3604 imperio
2503 3539 2659 3588 Rem-

1596 3620 1720 3683 pub.
1747 3633 1920 3667 rursus
1941 3617 2221 3666 invadere!

1662 3695 1733 3743 Et
1751 3694 1988 3743 ibim-21.
2020 3693 2135 3755 ipsa
2175 3690 2466 3754 Agrippina
2487 3691 2560 3740 sic
2580 3690 2654 3739 lo·

1590 3768 1806 3834 quitur:
1865 3769 1952 3817 ‘Si
2000 3769 2211 3816 Plautus
2248 3772 2338 3815 aut
2378 3767 2493 3830 quis
2518 3767 2653 3814 alius

1588 3845 1854 3909 Rempub.
1883 3843 2208 3906 judicaturus
2242 3842 2547 3902 obtinuerit,
2565 3841 2655 3890 de·

1540 3955 1544 3959 -
1595 3929 1716 3971 sunt
1734 3922 1936 3970 scilicet
1952 3920 2069 3968 mihi
2086 3924 2434 3977 accusatores,
2452 3917 2659 3980 quinon

1597 3998 1759 4047 verba
1782 3994 2106 4059 impatientia
2125 3993 2356 4043 caritatis
2378 3990 2656 4056 aliquando

1588 4074 1824 4136 incauta,
1867 4071 1961 4121 sed
2013 4085 2080 4120 ea
2121 4071 2343 4119 crimina
2385 4067 2657 4130 objiciant,

1584 4148 1779 4212 quibus
1814 4146 1913 4196 nisi
1933 4143 2093 4196 afilio
2126 4149 2294 4195 mater
2316 4141 2516 4193 absolvi
2553 4154 2655 4191 non

1586 4238 1805 4289 possum
1821 4225 1852 4273 ε’
