3100 4925
527 427 704 508 140⁶

528 780 585 836 in
622 784 844 845 patrem.

531 857 632 911 tari
653 863 708 906 et
731 855 979 906 substitui
1013 857 1127 926 ejus
1160 857 1276 905 loco
1307 856 1595 918 Neronem,

528 948 634 994 non
664 933 946 984 occidisset
983 934 1275 995 Claudium,
1300 941 1451 998 quem
1471 932 1593 982 ideo

528 1015 733 1062 tantum
754 1008 1048 1071 interfecit,
1067 1024 1133 1062 ne
1169 1011 1280 1074 ipsa
1300 1009 1594 1074 depellere·

532 1093 620 1137 tur
655 1086 775 1137 aula
799 1092 856 1137 et
892 1087 1064 1150 rebus,
1092 1093 1150 1139 et
1187 1102 1253 1138 ne
1287 1087 1593 1153 principatu

529 1162 899 1214 excluderetur
920 1163 1084 1216 Nero.

539 1273 544 1278 -
593 1238 695 1290 His
739 1238 1041 1304 suppositis,
1079 1240 1252 1306 potuit
1296 1239 1593 1305 Agrippina

528 1315 723 1379 vivere,
744 1315 1026 1365 Britannico
1054 1317 1267 1379 potiente
1297 1331 1489 1368 mm.-
1533 1323 1593 1367 et

527 1394 616 1443 illo
636 1391 817 1443 eodem
839 1392 1094 1458 principe,
1107 1394 1309 1443 veniam
1346 1393 1596 1457 consequi

527 1468 740 1518 aliorum
763 1467 1055 1529 criminum,
1088 1482 1205 1532 qnae
1240 1473 1597 1533 perpetrasset

529 1543 665 1607 ipsa,
690 1543 897 1592 tuendae
922 1543 1284 1594 dominationis
1317 1559 1495 1605 causa,
1516 1551 1597 1595 et·

531 1619 573 1672 si
597 1633 723 1685 quos
745 1619 1025 1671 occidisset
1058 1620 1123 1670 ob
1149 1621 1594 1687 propinquitatem

530 1696 790 1746 Caesarum
809 1712 825 1757 3
859 1696 979 1760 quia
991 1695 1103 1746 haec
1117 1697 1182 1747 ad
1201 1697 1430 1760 privatos
1447 1710 1595 1761 quos·

527 1772 779 1835 dam,non
798 1772 861 1821 ad
874 1773 1232 1822 Britannicum
1247 1772 1591 1837 spectabant3

528 1865 578 1899 v.
621 1864 669 1900 c.
705 1850 894 1900 caedes»
913 1849 1221 1913 Silanorum,
1255 1856 1348 1899 aut
1379 1849 1595 1899 aliorum

529 1926 786 1986 similium,
810 1941 925 1991 quae
958 1926 1087 1976 nihil
1123 1926 1349 1989 praecise
1371 1924 1436 1974 ad
1460 1926 1595 1975 salu·

529 2009 638 2052 tem
660 2003 950 2052 Britannici
970 2002 1321 2066 pertinebant,
1333 2007 1424 2052 aut
1447 2008 1594 2053 certe

529 2091 633 2127 non
654 2077 731 2127 illi
770 2076 1081 2127 auferebant
1120 2077 1483 2141 principatum,
1503 2078 1595 2127 im-

528 2167 613 2203 mo
636 2166 753 2201 eum
775 2152 1126 2212 stabiliebant,
1155 2151 1415 2202 nobilibus
1438 2167 1597 2205 oemn·

528 2228 613 2291 lis,
635 2235 691 2278 et
712 2229 799 2294 qui
822 2228 1078 2279 rebellare
1112 2237 1341 2294 possent,
1362 2229 1596 2283 sublatis.

591 2305 731 2369 Ergo
770 2306 844 2355 sic
900 2312 1135 2370 poteram
1171 2306 1368 2371 vivere,
1426 2306 1598 2373 inquit

528 2382 843 2447 Agrippina,
863 2383 1151 2433 Britannico
1185 2384 1396 2447 potiente
1413 2399 1590 2435 rerum.

528 2459 601 2513 At
635 2459 679 2509 a·
705 2461 921 2524 Plausus,
955 2466 1039 2509 out
1059 2459 1168 2525 quis
1186 2461 1591 2526 auu,Re1npub.

528 2535 807 2599 obtineret,
848 2535 914 2585 de
952 2550 1034 2585 me
1061 2536 1381 2601 judicatu-un,
1421 2539 1592 2589 desunt

525 2608 707 2665 scilieet
726 2611 847 2663 nihi
866 2617 1175 2676 (remores,
1191 2615 1274 2676 qai
1310 2629 1403 2664 ιιοιι
1432 2614 1594 2678 verba,

523 2692 611 2752 ὅτ
651 2689 730 2739 sed
750 2704 807 2738 eo
826 2689 1038 2741 crime
1046 2680 1291 2753 objiciant,
1312 2689 1478 2755 quibes
1496 2691 1594 2741 nisi

527 2782 558 2816 e
583 2765 691 2832 filio
712 2766 947 2831 principe
965 2765 1221 2830 set-„iudice
1242 2771 1395 2817 muter
1414 2767 1593 2829 absolsi

525 2850 620 2892 m
652 2842 854 2905 possium-
885 2857 1082 2906 nempe
1095 2843 1315 2895 crimina
1335 2850 1391 2894 et
1410 2844 1465 2894 in
1487 2846 1591 2909 pri·

526 2924 678 2971 vatos
715 2925 773 2971 et
800 2920 856 2969 in
891 2919 1184 2984 principem
1208 2920 1377 2984 ipsum
1402 2934 1589 2985 perpe·

527 2997 685 3045 trata.

590 3066 725 3117 Sane
744 3067 930 3116 mirum
952 3067 1120 3119 videri
1140 3082 1243 3117 non
1271 3066 1430 3117 debet
1450 3069 1590 3133 quod

527 3141 819 3206 Agrippina
852 3141 1027 3192 vivere
1064 3151 1262 3208 posset,
1307 3144 1592 3194 Britannice

520 3217 732 3282 potiente
748 3231 936 3268 rerum:
966 3219 1064 3269 hoc
1102 3225 1247 3271 certe
1284 3235 1386 3271 uon
1423 3221 1590 3271 solum

520 3298 729 3358 poterat,
762 3294 850 3343 sed
875 3294 1031 3345 etiam
1055 3295 1392 3348 vehementer
1425 3297 1477 3348 id
1500 3313 1589 3348 cu-

525 3370 718 3436 piebat,
761 3371 915 3423 etiam
955 3384 1074 3436 post
1113 3373 1311 3424 crimen
1351 3373 1404 3423 in
1440 3374 1590 3424 Clau·

526 3447 687 3512 dium,
740 3462 926 3513 nempe
991 3464 1110 3499 cum
1162 3449 1589 3513 ingratitudinem

526 3525 752 3580 Neronis
795 3527 873 3576 sui
917 3526 1140 3590 experiri
1178 3526 1371 3591 coepit;
1403 3542 1590 3592 nempe

525 3602 736 3652 volebat
761 3603 1026 3652 'vindicari
1063 3603 1265 3665 injurias
1285 3603 1383 3653 sibi
1418 3603 1590 3654 illatas

525 3677 580 3728 in
605 3678 892 3742 Neronem,
913 3680 1014 3729 etsi
1037 3679 1210 3744 perire
1231 3679 1346 3743 ipsa
1366 3678 1591 3730 deberet

525 3767 644 3804 cum
675 3754 780 3804 illo.
827 3754 836 3761 '

590 3830 796 3892 Repete
838 3844 955 3894 quae
993 3845 1149 3894 supra
1186 3831 1221 3880 l.
1245 3843 1372 3880 xnr.
1398 3835 1476 3880 14.
1519 3830 1587 3882 de

523 3898 848 3970 Agrippina:
872 3909 886 3933 ‘
910 3908 1093 3970 Neque
1110 3907 1356 3970 principis
1375 3906 1586 3957 auribus

522 3981 802 4045 abstinere,
826 3982 1094 4046 quominus
1116 3989 1412 4047 testaretur,
1446 3985 1590 4034 adul-

480 4109 485 4114 .
524 4065 636 4113 tum
675 4061 788 4124 jam
832 4075 942 4109 esse
986 4059 1358 4125 Britannicum,
1413 4076 1584 4112 veram

521 4134 834 4200 dignamque
851 4135 1061 4200 stirpem
1077 4135 1405 4205 suscipiendo
1421 4138 1588 4201 patris

521 4211 763 4276 imperio,
798 4212 939 4278 qnod
974 4211 1175 4262 insitus'
1213 4219 1272 4262 et
1306 4220 1585 4264 atramus

1671 851 1859 904 ituram
1881 866 1999 902 cum
2018 851 2108 902 illo
2130 866 2185 901 ιιι
2204 851 2415 903 castra!

1739 929 1809 979 Et
1830 943 1947 979 cum
1968 942 2168 978 veneno
2191 928 2512 992 interceptus
2524 928 2736 993 juvenis

1673 1009 1830 1068 esset,
1857 1019 1917 1054 ea
1944 1004 2262 1055 mandis
2284 1004 2595 1071 Agrippina
2615 1003 2738 1072 fuit,

1671 1083 1754 1146 qe.
1811 1082 1897 1131 Sic
1915 1080 2084 1146 quippe
2101 1081 2196 1132 aba·
2213 1089 2478 1147 ιιιρκιιιιιιιι
2497 1081 2733 1136 ammam

1669 1164 1882 1228 ereptum
1894 1158 2191 1221 intelligebat
2203 1175 2227 1218 ,⁰
2246 1159 2322 1210 sic
2340 1160 2535 1225 quippe
2555 1157 2739 1216 ulcisci

1670 1237 1948 1302 ingratum,
1962 1250 2140 1286 verum
2166 1237 2426 1288 haeredem
2450 1250 2737 1301 opponere,

1673 1327 1857 1379 resque
1898 1313 1974 1364 sic
2012 1312 2252 1375 miscere,
2274 1318 2333 1364 nt
2366 1312 2444 1366 sic
2466 1312 2580 1376 ipsa
2603 1310 2736 1366 Ger-

1674 1390 1863 1442 manici
1899 1388 2005 1439 filia
2037 1387 2394 1439 dominationis
2419 1402 2599 1453 parum
2636 1387 2736 1442 sibi

1674 1467 1946 1519 retineret.

1746 1541 1915 1593 Vivere
1934 1557 2040 1606 ego,
2058 1547 2270 1606 poter-um
2289 1541 2601 1606 Britannico]
2644 1543 2735 1598 Vi

1676 1619 1830 1669 detur
1867 1619 2077 1668 innuere
2122 1619 2258 1668 serio
2290 1619 2521 1683 potuisse
2542 1618 2737 1681 vivere,

1673 1693 1963 1757 imperante
1999 1694 2331 1756 Britannico;
2363 1709 2551 1759 nempe
2580 1701 2636 1749 et
2658 1709 2736 1745 ar·

1675 1771 1863 1822 denter
1883 1771 2028 1820 illum
2052 1769 2217 1834 flevit,
2240 1777 2295 1821 et
2315 1772 2450 1823 hoc
2436 1771 2537 1835 ipsi
2559 1770 2739 1834 praeci-

1673 1863 1776 1912 pne
1797 1847 2158 1912 objiciebatur.
2224 1849 2298 1899 Et
2320 1849 2498 1899 certe
2484 1864 2596 1913 ipso
2616 1848 2738 1898 snb-

1673 1925 1800 1988 lato,
1833 1924 1926 1974 sibi
1959 1939 2223 1989 asprenatum
2261 1925 2497 1990 auxilium
2526 1929 2737 1989 ereptum

1672 2000 1935 2050 intellexit
1956 1999 2268 2066 Agrippina.

1739 2075 1929 2140 Itaque
1965 2076 2038 2127 sic
2078 2076 2452 2141 conjiciebam·
2488 2065 2607 2130 Non
2640 2091 2736 2142 po·

1675 2153 1780 2204 tuit
1831 2152 2026 2217 vivere,
2079 2153 2369 2218 imperante
2411 2154 2735 2211 Britannico,

1673 2228 1775 2280 nisi
1795 2228 1880 2278 vel
1907 2228 2198 2294 supposito,
2221 2229 2358 2294 quod
2392 2243 2562 2295 neque
2596 2230 2735 2280 occi-

1675 2305 1839 2356 disset
1875 2305 1990 2369 ipsa
2012 2306 2304 2370 Claudium,
2342 2321 2514 2372 neque
2537 2305 2736 2371 adopti-

1670 2397 1820 2433 onem
1863 2381 2088 2434 Nerouis
2124 2389 2476 2446 procurasset,
2501 2384 2584 2432 vel
2616 2397 2734 2446 sup·

1670 2459 1862 2525 posito,
1915 2458 2057 2525 qnod
2111 2459 2425 2511 reddidisset
2465 2461 2733 2527 imperium

1669 2536 1999 2599 Britannico,
2020 2535 2301 2587 deturbato
2319 2537 2550 2587 Nerone.

1732 2611 1874 2665 Quid
1908 2611 2044 2671 enim
2084 2613 2391 2663 moliebatur
2408 2612 2733 2680 Agrippina?

1671 2690 1808 2741 Quid
1833 2689 2071 2754 agitabat
2093 2689 2282 2752 animo,
2301 2705 2420 2740 cum
2441 2687 2594 2741 fleret
2615 2690 2731 2741 Bri-

1671 2767 1964 2816 tannicum?
1991 2780 2055 2815 an
2074 2765 2355 2830 desiderio}
2371 2781 2438 2815 an
2454 2780 2630 2816 amore
2653 2765 2736 2833 ip

1671 2841 1812 2891 sins?
1844 2855 1913 2890 an
1932 2840 2096 2890 voluit
2119 2841 2266 2891 illum
2286 2842 2480 2903 vivere,
2503 2847 2559 2892 et
2578 2857 2644 2893 ex
2668 2856 2732 2892 eo

1670 2925 1866 2967 metum
1903 2917 2116 2982 injicere
2156 2919 2391 2968 Neroni?
2456 2920 2564 2970 Sed
2600 2920 2732 2973 huno

1668 2993 1826 3058 forte,
1846 3008 2016 3059 neque
2040 2995 2340 3044 Neronem
2327 3010 2493 3058 ipsum
2514 3010 2731 3060 regnare

1668 3068 1863 3131 voluit3
1899 3069 2063 3119 voluit
2097 3068 2327 3133 foemina,
2371 3072 2730 3123 dominationis

1671 3146 1839 3208 avida,
1866 3148 2092 3211 juvenes
2130 3148 2270 3198 inter
2301 3164 2357 3198 se
2390 3150 2735 3215 committere,

1669 3229 1726 3272 et
1764 3232 1956 3273 metum
1991 3223 2205 3274 alterins
2227 3225 2378 3275 alteri
2400 3226 2642 3290 injicere3
2675 3230 2735 3276 et

1670 3299 1757 3351 sic*
1786 3307 2029 3365 tanquam
2073 3299 2176 3349 filia
2221 3296 2536 3363 Germanici,
2586 3316 2730 3352 suam

1670 3378 2034 3429 auctoritatem
2075 3378 2130 3427 in
2166 3380 2369 3443 Repub.
2405 3380 2654 3443 retinere,
2676 3382 2732 3430 et

1669 3471 1874 3522 semper
1910 3457 2046 3507 inter
2068 3465 2339 3524 utrumqne
2362 3459 2516 3509 rebus
2544 3465 2599 3509 et
2636 3458 2732 3516 im·

1668 3535 1814 3598 perio
1837 3533 2015 3598 potiri,
2037 3544 2285 3598 qnantum
2306 3535 2399 3583 tali
2425 3550 2550 3585 casn
2571 3535 2694 3587 licet
2713 3551 2729 3584 ι

1667 3617 1724 3659 et
1754 3625 1820 3660 ea
1842 3624 1974 3659 vana
1994 3622 2088 3674 spe
2121 3624 2177 3658 se
2202 3610 2435 3661 lactabat
2451 3611 2730 3665 ambitiosa

1668 3687 1872 3735 mulier.
2684 3680 2701 3743 J

1733 3761 1819 3812 Sic
1865 3760 2000 3812 forte
2039 3760 2214 3812 vivere
2255 3761 2400 3811 illum
2443 3761 2626 3827 voluit,
2671 3752 2745 3812 ut*

1669 3837 1842 3887 Cesar
1861 3844 2013 3902 esset,
2033 3852 2133 3887 non
2153 3838 2425 3902 princeps3
2448 3837 2538 3887 sed
2556 3845 2730 3894 tamen

1669 3920 1727 3963 ut
1744 3913 1946 3963 viveret
1968 3928 2031 3975 eo
2047 3912 2274 3977 fastigio,
2292 3921 2352 3964 ut
2370 3912 2482 3965 fere
2500 3930 2731 3979 aequare·
2768 3906 2771 3909 ¹

1668 3994 1754 4039 tur
1771 3989 2015 4054 principi,
2033 3996 2168 4039 ntea
2190 3991 2355 4055 stirpe
2380 3989 2436 4041 et
2457 3991 2729 4047 nobilitate

1667 4067 2014 4130 emularetur,
2034 4073 2328 4132 metumque
2358 4067 2558 4120 faceret
2597 4069 2729 4123 asci-

1668 4141 1791 4192 titio
1814 4142 2173 4208 subditivoque
2194 4145 2409 4194 Neroni.

1727 4216 1816 4266 Sic
1864 4214 1978 4266 fere
2021 4220 2170 4284 quasi
2204 4220 2561 4272 Germanicus
2601 4221 2726 4275 olim

521 4288 672 4347 Diuo
686 4326 691 4335 .
704 4291 996 4349 invasisset.
1060 4293 1076 4323 ⁸
1101 4291 1166 4344 Id
1184 4292 1366 4346 'solum
1386 4292 1508 4346 Diis
1526 4298 1585 4350 et
1662 4299 1782 4361 post
1796 4290 2068 4351 excessum
2078 4294 2322 4363 Augusti,
2333 4304 2528 4357 metum
2543 4298 2726 4364 injecit
2754 4358 2775 4381 ‚-
