3100 4925
412 413 468 465 J.
493 413 552 464 C.
575 411 686 474 ἃᾶ]

1106 408 1516 458 ΑΝΝΑΙΛΌΜ
1568 409 1715 459 Lm.
1763 411 1936 459 x111.

2442 395 2619 464 1403

414 551 822 618 carminibus
854 550 1274 633 pangendis:
1314 550 1532 616 inesse
1574 550 1709 616 sibi
1750 552 2075 618 elementa
2116 553 2461 640 doctrinaeb
2506 577 2621 624 oss

414 652 745 718 tendebat.

498 756 568 821 4.
632 754 958 832 Ceterum,
1016 756 1308 838 peractis
1353 755 1641 819 tristitiae
1688 755 2170 835 imitamentis:²
2216 760 2470 825 curiam
2517 762 2617 859 in*

413 903 636 966 versibus,
656 904 825 954 habere
846 920 895 954 se
913 906 1151 969 principia
1172 907 1381 969 quedam
1403 904 1616 953 scientioe
1635 905 2003 954 demonstrabat.

407 967 426 1054 J
477 972 550 1019 At
565 969 791 1034 perfectis
811 970 878 1019 de
900 984 1043 1020 more
1065 970 1364 1033 exequuti-em
1383 969 1684 1035 coerimouiis,
1705 970 1848 1020 Nero
1885 975 2096 1020 senatum
2127 971 2385 1038 ingressus,
2404 987 2616 1025 exornes-

1406 1098 1631 1149 NOTAE

410 1210 843 1275 hermaphroditis
921 1212 1191 1277 utriusque
1276 1227 1468 1262 sexus:

414 1288 551 1352 quod
586 1288 743 1338 etiam
766 1288 1154 1355 quadrupedum
1185 1290 1361 1353 generi
1393 1305 1474 1339 ac-

413 1363 623 1427 cidisse,
657 1365 882 1414 Neronis
918 1365 1215 1428 principatu
1254 1365 1475 1428 primum

413 1438 655 1488 arbitror.
736 1439 1054 1488 Ostentabat
1090 1446 1235 1489 certe
1278 1440 1474 1488 berma-

412 1513 683 1578 phroditas
742 1516 1036 1579 subjunctas
1079 1523 1334 1580 carpento
1380 1532 1474 1568 suo

414 1604 595 1656 equas,
620 1592 672 1641 iu
691 1590 973 1642 Treverico
1006 1593 1194 1644 Galliae
1232 1608 1355 1657 agro
1394 1609 1474 1643 re-

412 1672 615 1732 pertas·
652 1682 744 1715 seu
776 1668 926 1731 plane
961 1668 1176 1717 visenda
1210 1683 1292 1718 res
1319 1675 1477 1734 esset,

412 1740 701 1806 principem
725 1748 976 1794 terrarum
1006 1743 1231 1795 insidere
1267 1752 1477 1810 porten

413 1814 520 1867 tis}

474 1900 499 1927 ⁸
534 1894 833 1945 Garmivn'bus
845 1889 1135 1960 pangendis]
1176 1898 1324 1948 Suet.
1344 1897 1476 1948 Ner.
1528 1935 1533 1948 .

412 1974 496 2020 52.
527 1970 543 1997 ‘
562 1971 753 2035 Itaque
767 1971 833 2021 ad
853 1973 1113 2036 poeticam
1137 1989 1345 2038 pronus,
1366 1990 1477 2025 car·

411 2046 552 2104 mina
571 2047 800 2098 libenter
834 2065 895 2099 ae
928 2050 1039 2101 sine
1069 2050 1250 2101 labore
1272 2065 1479 2114 compo·

412 2123 544 2174 suite
578 2139 698 2188 nec,
739 2132 801 2176 ut
837 2127 1044 2191 quidam
1074 2132 1277 2191 putant,
1306 2127 1477 2176 aliena

411 2214 508 2264 pro
546 2201 652 2250 suis
684 2202 889 2252 edidit!
953 2206 1024 2253 Et
1044 2218 1091 2254 c.
1114 2207 1195 2253 lo.
1229 2206 1245 2232 ⁸
1268 2204 1476 2253 Recita.-

411 2275 488 2326 vit
521 2281 578 2324 et
609 2277 979 2340 carmina,non
1010 2278 1166 2329 modo
1205 2279 1361 2340 domi,
1381 2280 1474 2330 sed

409 2353 466 2402 in
488 2352 710 2415 theatro,
734 2357 880 2402 tanta
901 2355 1250 2404 universorum
1268 2356 1478 2418 laetitia,

411 2434 472 2483 ut
491 2428 560 2480 ob
582 2428 941 2481 recitationem
961 2430 1275 2494 supplicatio
1296 2431 1474 2482 decre·

414 2511 471 2567 ta
501 2505 587 2569 sit,
619 2519 785 2570 eaque
825 2521 947 2570 pars
983 2507 1285 2572 carminum,
1308 2508 1480 2559 aureis

412 2581 598 2643 literis,
615 2582 737 2634 Jovi
761 2583 1059 2647 Capitolino
1080 2584 1257 2637 dicata
1281 2585 1387 2635 sit.’

476 2653 501 2689 ⁸
518 2658 765 2709 Elomta
784 2660 1038 2724 doctrina]
1056 2661 1145 2711 Ita
1160 2667 1220 2713 ut
1237 2661 1481 2726 tyrocinii

373 2792 380 2798 ⁵
415 2732 712 2787 rudimenta
733 2734 1082 2799 deposuisset,
1112 2743 1352 2802 essetque
1373 2751 1480 2787 me-

414 2808 661 2860 diocriter
682 2811 936 2861 eruditus.
1002 2813 1288 2862 Martialis:
1321 2814 1338 2841 ‘
1356 2815 1481 2864 Car·

415 2886 553 2939 nina
572 2887 664 2952 qui
685 2888 829 2939 docti
853 2896 980 2939 nota
996 2889 1219 2941 Neronis
1239 2890 1434 2941 babet!

421 3012 432 3019 ,
481 2964 732 3014 Elementa
772 2965 1023 3028 doctrinae]
1094 2967 1302 3030 Nempe
1352 2965 1482 3017 artis

417 3039 661 3103 poe'ticae,
698 3039 838 3091 forte
873 3047 931 3091 et
963 3041 1211 3092 februaris
1234 3043 1480 3094 historiae.

415 3114 577 3173 Nota,
596 3115 731 3166 dicit
752 3121 951 3166 tantum
966 3119 1212 3179 elementa,
1232 3132 1326 3167 seu
1344 3118 1481 3181 prin·

414 3190 572 3254 cipis.
638 3192 778 3243 Nam
796 3190 950 3256 infra,
970 3193 1100 3242 Tac.
1124 3204 1243 3245 xiv·
1267 3197 1347 3244 16.
1373 3194 1481 3244 Ne»

416 3279 594 3318 ronem
630 3275 690 3316 ut
724 3268 918 3316 malum
957 3267 1162 3331 poetam
1201 3268 1482 3331 repreben-

417 3343 529 3393 dit:
562 3344 580 3373 ‘
606 3345 873 3394 considere
894 3345 1063 3408 simul,
1085 3351 1140 3394 et
1163 3345 1366 3408 allatos,
1398 3347 1482 3401 vel

416 3417 640 3469 ibidem
635 3426 884 3483 repertos
929 3435 1106 3471 versus
1146 3429 1480 3486 connectere,

330 3561 334 3564 .
415 3500 574 3560 atque
593 3496 754 3560 ipsius
775 3497 955 3560 verba,
970 3512 1178 3562 quoquo
1194 3499 1346 3549 modo
1364 3514 1480 3564 pro-

412 3571 541 3634 lata,
558 3572 832 3635 supplere:
867 3572 1006 3636 quod
1025 3573 1228 3637 species
1240 3574 1355 3638 ipsa
1367 3589 1481 3625 car-

411 3648 607 3701 minum
652 3647 827 3710 docet,
865 3663 968 3699 nou
1013 3649 1231 3714 impetu,
1265 3651 1359 3700 sed
1401 3651 1481 3701 iu-

412 3722 627 3785 stinctu‚
648 3737 750 3773 nec
767 3738 858 3773 ore
875 3739 977 3774 uuo
998 3723 1203 3775 fluens!

477 3807 501 3835 ‘-
547 3800 788 3863 Ceterum
820 3800 1030 3864 peractis
1069 3800 1286 3851 &initia
1319 3802 1480 3852 imite-

413 3874 607 3938 uentu]
650 3875 857 3927 Iudicat
893 3883 1091 3938 auctor,
1132 3876 1350 3926 intrasse
1388 3893 1478 3928 cu·

414 3950 564 4012 riam,
602 3965 720 3999 cum
762 3950 1058 4014 aliquandiu
1102 3957 1224 4001 ante
1268 3952 1479 4016 publico

413 4025 767 4089 abstinuisset,
784 4028 929 4090 quasi
945 4026 1014 4075 ob
1029 4041 1238 4090 gravem
1261 4029 1480 4091 luctum,

418 4101 510 4165 qui
529 4101 658 4151 risus
680 4101 853 4165 potius
866 4101 1058 4165 fuerat,
1080 4109 1173 4153 aut
1193 4111 1336 4155 certe
1355 4119 1482 4169 gau-

415 4175 576 4231 oium.
638 4178 727 4231 sic
749 4179 785 4228 l.
809 4192 898 4231 ιιι.
930 4179 1068 4229 Anu.
1087 4185 1138 4228 6.
1180 4180 1198 4209 ‘
1223 4180 1478 4246 Praeposi-

418 4257 529 4307 tam
559 4257 678 4304 toro
709 4251 958 4321 effigiem,
984 4253 1238 4309 meditus
1268 4253 1336 4307 ad
1370 4270 1480 4311 me-

1554 1213 1770 1263 moriam
1811 1213 2019 1268 virtutis
2062 1213 2305 1278 carmina,
2346 1220 2402 1264 et
2432 1214 2617 1266 iauda-

1554 1290 1720 1338 tiones
1743 1295 1797 1339 et
1819 1290 2093 1354 lacrymas,
2114 1290 2195 1339 vel
2226 1287 2417 1340 doloris
2453 1291 2620 1341 imita-

1555 1365 1767 1415 menta!

1556 1484 1579 1495 ,
1622 1442 1692 1490 Et
1715 1455 1832 1491 xrv.
1854 1445 1903 1490 4.
1937 1444 1953 1470 ‘
1980 1440 2292 1491 Additurum
2331 1441 2619 1507 principem

1558 1516 1821 1567 defunctae
1847 1519 2116 1580 templum,
2140 1525 2195 1567 et
2217 1532 2331 1567 aras
2364 1524 2420 1568 et
2440 1526 2621 1570 cetera

1558 1594 1882 1652 ostentandae
1901 1593 2147 1659 pietatis!
2202 1595 2325 1644 Piso
2346 1596 2485 1659 apud
2501 1610 2617 1647 nos-

1557 1674 1694 1718 trum
1727 1679 1792 1719 11.
1814 1674 1895 1719 77.
1930 1673 1945 1698 ‘
1970 1670 2198 1718 Periisse
2238 1670 2622 1736 Germanicum,

1555 1744 1686 1794 nulli
1717 1745 2004 1809 jactantius
2051 1751 2286 1806 moerent,
2330 1762 2484 1812 quam
2527 1749 2619 1814 qui

1557 1821 1780 1870 maxime
1805 1820 2083 1869 laetantur!
2155 1822 2403 1872 Gruterus.

1622 1895 1861 1947 Justinus
1896 1908 2002 1945 ιιι.
2025 1900 2076 1946 3.
2130 1896 2147 1923 ‘
2169 1897 2303 1947 Haec
2341 1912 2456 1947 cum
2493 1912 2621 1950 nunq

1559 1970 1691 2020 tiata
1711 1971 1763 2019 in
1785 1972 1994 2022 Parthis
2017 1971 2319 2026 Alexandro
2339 1981 2531 2037 essent,
2555 1975 2625 2027 si-

1557 2046 1750 2096 mulato
1794 2061 2032 2108 moerore,
2084 2055 2300 2112 propter
2340 2048 2623 2101 Alexandri

1554 2123 1937 2186 cognationem,
1972 2127 2226 2175 exercitui
2265 2140 2357 2177 suo
2395 2128 2624 2180 triduum

1557 2197 1753 2249 luctum
1780 2199 2008 2250 indixit.’
2077 2201 2362 2251 Gronovius.

1625 2275 1857 2325 mitia
1873 2275 2204 2339 munientis]
2229 2277 2290 2325 Id
2308 2283 2410 2341 est,
2421 2277 2623 2328 Luctus

1554 2355 1613 2399 et
1654 2351 1988 2415 exequiarum
2033 2353 2340 2400 caerimoniis
2374 2354 2622 2416 peractis.

1555 2425 1715 2477 Certe
1735 2427 2046 2477 caerimoniae
2059 2428 2163 2478 illae
2183 2428 2431 2480 exhibent
2445 2430 2622 2481 adum-

1560 2503 1813 2569 brantqne
1834 2506 2129 2553 moestitiam
2155 2505 2331 2567 animi,
2351 2511 2407 2555 et
2431 2506 2624 2559 idcirco

1560 2580 1776 2629 tristitie
1794 2566 2091 2630 imitamenta
2110 2586 2378 2632 vocantur.

1625 2655 1740 2705 Nec
1765 2653 1901 2704 forte
1925 2662 2096 2706 tamen
2134 2655 2328 2708 frustra
2366 2658 2459 2708 tali
2493 2634 2625 2709 voce

1562 2742 1683 2778 usus
1713 2729 1948 2791 Tacitus,
1971 2731 2092 2795 quia
2115 2737 2224 2781 tum
2247 2731 2420 2795 potius
2455 2734 2623 2787 imitare

1561 2812 1739 2855 menta
1750 2805 1961 2870 doloris,
1976 2815 2032 2857 et
2045 2808 2342 2858 histrionica
2355 2809 2626 2869 sambra-2

1564 2880 1639 2929 tio
1659 2880 1830 2930 luctus
1864 2879 1991 2943 fuit,
2012 2896 2166 2946 quam
2198 2883 2310 2932 veri
2339 2890 2397 2934 et
2437 2885 2625 2952 sinceri

1564 2956 1754 3007 doloris
1776 2965 2079 3021 argumenta
2101 2965 2192 3009 aut
2212 2960 2517 3023 specimina.

1629 3034 1969 3100 Imitamentis]
2002 3037 2162 3087 Certe
2179 3038 2414 3102 exequiae
2438 3039 2628 3103 princi·

1562 3126 1688 3176 pum
1722 3126 1846 3161 vera
1883 3112 2202 3163 imitamenta
2238 3110 2516 3178 moestitioe,
2538 3130 2626 3165 ne-

1563 3202 1664 3254 que
1684 3188 1825 3236 enim
1849 3189 1959 3236 sinc
1983 3203 2190 3252 pompa,
2210 3195 2302 3239 aut
2324 3192 2485 3240 veluti
2513 3205 2626 3241 sce·

1560 3277 1629 3311 na
1666 3263 2102 3326 transigebantur.
2179 3264 2420 3315 Aderant
2453 3266 2625 3329 prefi-

1561 3352 1657 3399 cae,
1680 3352 1796 3401 quoe
1828 3337 2004 3400 jussas
2029 3345 2085 3386 et
2118 3338 2171 3386 in
2200 3340 2404 3389 statione
2427 3344 2627 3403 positas,

1560 3413 1812 3477 lacrymas
1854 3411 2255 3475 profunderent:
2304 3414 2527 3464 aderant
2569 3421 2626 3469 et

1560 3488 1858 3550 histriones,
1881 3488 1971 3552 qui
2005 3488 2201 3536 luctum
2240 3488 2627 3554 adumbrantes,

1561 3564 1716 3615 risum
1740 3570 1913 3614 tamen
1939 3564 2235 3614 incitarent.

1625 3642 1792 3691 Notat
1812 3640 2089 3689 Suetonius
2113 3639 2177 3688 de
2200 3640 2520 3703 Vespasiano
2544 3646 2625 3697 19.

1557 3716 1574 3744 ⁶
1595 3716 1699 3766 Sed
1721 3723 1778 3765 et
1799 3717 1853 3764 in
1876 3714 2059 3765 funere
2092 3716 2262 3767 Favor
2284 3717 2627 3783 archimimus,

1559 3808 1831 3857 personam
1852 3794 1965 3856 ejus
1986 3791 2179 3856 ferens,
2196 3799 2255 3842 ut
2270 3801 2351 3843 est
2369 3808 2499 3859 mos,
2519 3794 2627 3846 fac·

1561 3879 1616 3921 ta
1652 3887 1713 3922 ac
1750 3871 1891 3921 dicta
1926 3871 2047 3934 vivi,
2078 3871 2414 3935 interrogatis
2451 3874 2627 3936 palam

1560 3947 2000 4011 procuratoribus,
2013 3947 2191 4012 quanti
2204 3946 2352 3997 funus
2365 3955 2421 3998 et
2436 3962 2628 4013 pompa

1560 4028 1846 4085 constaret,
1886 4030 1944 4072 ut
1984 4022 2148 4072 audiit
2188 4023 2261 4071 H.
2296 4023 2354 4074 S.
2405 4024 2627 4087 centies,

1561 4101 1890 4165 exclamavit,
1910 4100 2135 4151 Centum
2147 4100 2249 4150 sibi
2272 4101 2515 4150 sestertia
2535 4102 2629 4157 daq

1559 4182 1699 4241 rent,
1737 4191 1800 4227 ac
1838 4192 1897 4226 se
1938 4178 2021 4227 vel
2054 4177 2109 4227 in
2145 4176 2366 4229 Tiberim
2403 4176 2628 4242 projice-

1559 4252 1716 4304 rent.’
1779 4253 1865 4303 Sic
1887 4251 2197 4318 Vespasiani
2226 4250 2501 4305 avaritiam
2535 4251 2627 4307 de-
