3100 4925
491 391 663 460 1408
1203 407 1274 455 ss.
1318 406 1687 458 ooBNssnn
1733 406 1995 455 ’raom
2375 411 2475 478 (Α,
2499 414 2565 468 U.
2586 418 2713 467 808·

576 551 647 615 5.
692 550 842 627 Nec
886 548 1095 615 defuit
1120 548 1311 616 fides.
1401 549 1753 636 Multaque
1799 553 2068 620 arbitrio
2119 552 2406 619 Senatus
2455 555 2709 621 consti-

483 658 640 722 tuta
665 656 845 718 sunt:
878 656 899 685 ‘
921 648 1030 716 Ne
1055 653 1213 736 quis
1241 650 1328 716 ad
1358 672 1635 718 causam
1665 653 2003 718 orandam·
2028 655 2333 720 mercede
2364 661 2481 720 aut
2507 641 2703 724 donis

492 759 850 818 emeretur:
915 773 1000 818 ne
1056 754 1421 838 designatis
1481 754 1953 833 Quaestoribus
2008 756 2248 819 edendi
2298 757 2710 838 gladiatores

491 853 877 921 necessitas‘
933 860 1127 922 esset.
1127 855 1146 881 ’
1259 851 1468 935 Quod
1525 855 1794 938 quidem
1852 855 2241 925 adversante
2299 855 2703 941 Agrippina,

557 1053 881 1130 Nequefidem
890 1054 1105 1117 fefellit.-
1137 1054 1430 1119 plurimaque
1449 1054 1734 1105 auctoritate
1757 1054 1961 1103 Patr-um
1979 1054 2169 1104 decreta
2200 1058 2338 1102 sunt:
2372 1053 2455 1103 Ne
2479 1053 2592 1117 quis
2615 1065 2704 1118 pe-

493 1118 715 1179 cuniam,
728 1127 819 1168 aut
833 1134 1016 1169 munus
1032 1124 1261 1169 sumeret
1272 1117 1338 1167 ad
1357 1121 1500 1168 litem
1524 1118 1800 1178 tuendam;
1834 1123 1883 1168 et
1900 1119 2056 1167 etiam
2075 1133 2139 1166 nc
2155 1116 2400 1167 destinati
2420 1124 2705 1181 quaestores

494 1185 847 1247 spectaculum
869 1184 1215 1249 gladiatorum
1237 1182 1484 1234 exhibere
1507 1190 1832 1233 tenerentnr.
1889 1184 2028 1239 Quod
2050 1182 2235 1246 quidem
2247 1181 2454 1246 pervicit
2476 1181 2709 1248 Senatus,

1490 1325 1706 1379 NOTAE

561 1425 663 1476 Sed
689 1439 790 1476 nec
808 1423 878 1475 ab
897 1424 998 1475 alia
1018 1439 1177 1476 causa
1197 1426 1428 1477 evenisse
1452 1440 1564 1475 cre·
1707 1425 1987 1477 Metuebat
2038 1426 2252 1491 quippe,
2300 1441 2369 1476 ne
2422 1426 2495 1476 sic
2550 1425 2707 1476 etiam

495 1500 736 1564 diderim,
756 1499 897 1565 quod
916 1500 1119 1550 Claudii
1136 1500 1563 1565 oratio¹Lugduni
1641 1502 1853 1567 adoptio
1895 1497 2008 1564 filii,
2051 1510 2108 1552 et
2149 1502 2251 1552 alia
2289 1502 2450 1567 ipsius
2490 1500 2605 1551 dolo
2648 1505 2709 1552 et

494 1585 671 1627 nostro
711 1592 825 1627 aevo
861 1582 1074 1641 reperta
1109 1576 1164 1627 in
1205 1577 1386 1628 tabula
1427 1579 1563 1630 aeris.
1644 1582 1841 1630 scelere
1860 1580 2160 1643 impetrata,
2198 1584 2289 1628 aut
2323 1579 2497 1643 potius
2522 1591 2708 1644 perpe·

497 1654 708 1717 Lipsius.
1644 1663 1799 1719 trata,
1820 1657 2189 1708 abolerentur„

442 1794 449 1800 ³
558 1737 579 1762 ¹·
610 1730 675 1781 Se
716 1728 957 1780 madetis
999 1729 1283 1780 exercitibus
1328 1733 1562 1781 consultu-

492 1809 625 1872 rum]
688 1806 997 1860 Provincias
1020 1821 1137 1856 cum
1153 1805 1353 1870 populo
1375 1806 1565 1856 divise·

495 1891 580 1934 rat
617 1882 899 1948 Augustus,
936 1883 1013 1933 ita
1049 1888 1109 1932 ut
1142 1890 1361 1946 pacatas
1385 1890 1441 1932 et
1472 1882 1566 1930 im·

492 1959 657 2009 belles
691 1960 883 2024 populo
924 1960 1074 2012 Rom.
1116 1957 1462 2022 relinqueret,
1507 1964 1565 2007 at

494 2036 546 2086 in
568 2035 818 2087 limitibus
852 2037 1057 2101 imperii
1097 2036 1312 2101 positas,
1345 2051 1564 2100 quaeque

498 2114 565 2163 ob
609 2112 930 2163 vicinitatem
970 2113 1214 2174 hostium,
1253 2111 1563 2162 militaribus

499 2189 659 2251 copiis
680 2195 737 2237 et
758 2189 912 2237 armis
951 2179 1275 2253 indigebant,
1311 2188 1409 2236 sibi
1443 2190 1567 2238 reti-

496 2265 627 2313 nuit.
692 2264 801 2313 Per
822 2267 1073 2330 exercitus,
1092 2265 1337 2328 intelligit
1360 2272 1416 2316 et
1445 2281 1565 2330 pro-

497 2341 709 2406 vincias,
730 2341 784 2391 in
804 2343 990 2407 quibus
1010 2344 1309 2393 constitutae
1334 2344 1565 2407 legiones

499 2426 669 2483 erant,
684 2426 744 2471 ut
761 2420 1116 2485 Germaniam,
1132 2421 1355 2485 Syriam,
1376 2421 1568 2486 AE'gyp·

499 2500 630 2556 tum,
650 2502 707 2544 et
727 2501 899 2545 eastra
919 2495 991 2544 ibi
1015 2496 1285 2560 disposita.

560 2577 578 2602 ⁸
613 2571 691 2621 Ne
722 2572 826 2634 quis
846 2572 909 2620 ad
941 2586 1130 2620 causam
1160 2572 1408 2635 orandam]
1473 2575 1562 2624 De

494 2642 593 2696 hac
614 2660 669 2696 re
692 2651 944 2696 statutum
969 2653 1084 2697 erat
1108 2663 1270 2712 supra·
1295 2650 1390 2699 sub
1411 2652 1565 2700 Clau-

498 2724 600 2773 dio.
624 2737 687 2773 11.
709 2727 762 2772 7.
792 2725 808 2749 ‘
830 2723 1109 2788 capiendis
1130 2725 1366 2788 pecuniis
1389 2726 1565 2790 posuit

497 2800 725 2864 modum,
737 2814 899 2865 usque
917 2800 984 2850 ad
995 2800 1130 2851 dena
1147 2800 1564 2867 sestertia,quem

497 2876 692 2941 egressi
715 2876 1119 2942 repetundarum
1143 2877 1477 2928 tenerentur.’

493 3006 506 3017 „
563 2954 639 3003 At
678 2954 893 3005 Sueton.
937 2954 1068 3004 Ner.
1108 2967 1249 3005 xvu.
1286 2953 1566 3004 dissentire

497 3028 708 3077 videtur
748 3043 781 3078 a
822 3030 1023 3080 Tacito.
1088 3030 1228 3080 Nam
1270 3031 1345 3080 sic
1379 3030 1563 3081 babet:

497 3106 514 3133 ⁴
536 3106 756 3155 Cautum
809 3105 953 3165 item,
1007 3110 1066 3154 ut
1117 3104 1410 3168 litigatores
1465 3121 1563 3170 pro

496 3180 799 3245 patrociniis
822 3187 1019 3230 certam
1046 3180 1344 3247 justamque
1366 3196 1565 3232 merce·

497 3256 635 3318 dem,
651 3271 747 3321 pro
763 3257 1020 3307 subselliis
1036 3259 1229 3307 nullam
1248 3258 1454 3309 omnino
1473 3259 1564 3343 da·

496 3338 636 3402 rent,
650 3333 915 3396 praebente
940 3335 1124 3385 aerario
1147 3336 1409 3398 gratuita!

499 3468 504 3475 .
562 3409 650 3459 Sic
676 3417 847 3459 tamen
870 3408 1008 3461 forte
1047 3412 1312 3461 conciliari
1346 3412 1564 3477 possint,

497 3490 557 3543 ut
580 3485 756 3534 statim
778 3485 925 3534 initio
947 3486 1152 3550 imperii
1174 3487 1417 3550 Neronis,
1441 3503 1563 3537 cau-

496 3567 607 3609 tum
630 3558 714 3624 sit,
735 3575 799 3609 ne
837 3561 940 3611 ulla
977 3576 1177 3612 merces
1217 3564 1563 3627 acciperetur.

497 3635 583 3685 Sic
637 3637 895 3700 principia
937 3636 1173 3700 fervent;
1230 3637 1322 3687 sed
1372 3638 1562 3689 deiude

498 3711 721 3774 cognitis
742 3711 1130 3762 difficultatibus
1153 3721 1209 3763 et
1231 3714 1394 3763 abusu
1414 3715 1567 3778 legis,

497 3792 754 3854 statutum
774 3801 886 3836 esse
924 3788 1132 3837 modum
1171 3789 1264 3837 tali
1302 3790 1563 3852 mercedi;

498 3862 638 3927 quod
680 3863 848 3912 innuit
884 3863 1033 3913 Suet.
1064 3866 1080 3892 ‘
1105 3866 1316 3914 Certam
1344 3865 1564 3929 justam-

498 3953 600 4005 que
622 3939 954 4005 mercedem.’

561 4015 640 4065 Ne
679 4015 800 4078 quis,
839 4018 924 4076 &a
972 4031 1030 4082 ne
1072 4015 1359 4082 designatis]
1442 4019 1564 4075 Hoc

496 4094 776 4157 utrumque
793 4097 1049 4143 statuerat
1068 4094 1329 4144 Claudius.
1388 4096 1571 4159 Quare

496 4177 552 4221 et
591 4170 892 4221 adversatur
926 4170 1240 4239 Agrippina,
1275 4173 1422 4239 quasi
1445 4172 1567 4224 licta

502 4247 695 4299 Claudii
714 4247 1110 4299 subverterentur.

1706 1735 1724 1766 ῒ
1745 1734 1933 1783 Edendi
1949 1732 2240 1795 gladiatores
2260 1729 2533 1794 necessitas]
2579 1728 2708 1780 Per·

1643 1809 1780 1860 tinet
1810 1808 1878 1859 ad
1912 1808 2222 1859 abolendum
2257 1805 2461 1857 Claudii
2497 1806 2707 1867 scitum,

1646 1886 1752 1951 qui,
1766 1892 1978 1936 auctore
1994 1885 2291 1947 Dolabella,
2308 1883 2506 1933 sanxitz
2530 1883 2546 1911 ‘
2565 1896 2714 1946 spec·

1645 1962 1875 2013 taculum
1908 1962 2246 2025 gladiatorum
2284 1974 2383 2025 per
2416 1974 2592 2010 omnes
2623 1973 2714 2008 an·

1644 2053 1738 2089 nos
1759 2038 2124 2089 celebrandum
2157 2037 2380 2101 pecunia
2400 2050 2597 2098 eorum,
2617 2033 2711 2099 qui

1645 2116 1976 2168 Quaesturam
2013 2113 2468 2179 adipiscerentur:’
2504 2113 2581 2163 ait
2611 2111 2712 2161 Ta·

1645 2190 1780 2240 citus
1799 2191 1837 2240 l.
1864 2203 1946 2240 ιι.

1711 2267 1819 2317 Ubi
1860 2273 2104 2331 suspecta
2144 2281 2268 2328 vox,
2315 2266 2705 2330 adipiscerentur.

1646 2344 1752 2395 Cur
1775 2344 1914 2393 enim
1933 2343 2019 2392 hic
2058 2343 2322 2407 ἐμφατυεῦς
2358 2341 2627 2406 scriptum,
2650 2354 2707 2389 ne

1642 2418 1904 2484 designatis
1925 2419 2130 2484 quidem,
2151 2419 2249 2469 nisi
2289 2418 2409 2484 quia
2447 2424 2602 2468 antea
2638 2428 2707 2466 ex

1644 2511 1707 2546 ea
1737 2497 2006 2548 sanctione
2028 2497 2225 2547 dabant
2239 2496 2396 2546 etiam
2415 2491 2711 2545 candidati?

1706 2573 1882 2638 Atque
1905 2575 1983 2624 ita
2017 2574 2071 2625 iu
2095 2571 2381 2637 Lampridii
2403 2569 2707 2621 Alexandro

1642 2650 1787 2714 lego:
1830 2652 1846 2678 ‘
1867 2648 2171 2702 Quaestores
2209 2646 2537 2710 candidatos,
2578 2645 2711 2711 (ma-

1642 2725 1751 2789 lim,
1771 2723 2076 2789 Quaestum)
2099 2739 2166 2774 ex
2198 2738 2292 2773 sua
2323 2722 2543 2786 pecunia
2552 2721 2713 2786 jussit

1641 2816 1855 2850 munera
1909 2802 2100 2866 populo
2143 2800 2289 2861 dare,
2331 2797 2424 2847 sed
2477 2802 2536 2846 ut
2590 2801 2709 2860 post

1644 2877 1995 2940 Quaesturam,
2035 2877 2329 2927 Praeturam
2368 2868 2706 2938 acciperent?

1643 2953 1890 3002 Ceterum
1908 2954 2007 3003 hoc
2042 2952 2270 3003 Neronis
2296 2950 2563 3001 decretum
2586 2948 2708 2999 abo·

1642 3029 1775 3078 levit
1829 3028 2017 3078 iterum
2060 3028 2427 3079 Domitianus:
2483 3028 2552 3077 de
2603 3039 2706 3091 quo

1642 3104 1920 3154 Suetonius
1942 3119 1988 3154 c.
2010 3110 2060 3155 4.
2093 3105 2229 3168 Lips.

1710 3180 1788 3228 Ea
1801 3179 1976 3243 verba,
1995 3195 2055 3230 ne
2073 3180 2337 3242 designatis
2351 3177 2538 3242 quidem
2563 3191 2711 3242 quaeso

1644 3256 1842 3320 toribus,
1883 3271 1989 3305 non
2030 3253 2327 3306 referuntur
2378 3254 2596 3320 praecise
2638 3254 2708 3304 ad

1645 3334 1831 3383 scitum
1869 3333 2093 3395 Claudii,
2124 3333 2217 3382 sed
2258 3332 2325 3382 ad
2362 3332 2415 3381 id
2439 3331 2575 3396 quod
2613 3331 2707 3380 im-

1644 3408 1871 3458 mediate
1895 3407 2176 3472 praecedit;
2208 3424 2267 3458 ae
2298 3408 2405 3472 quis
2437 3410 2500 3457 ad
2522 3414 2711 3458 amm

1645 3487 1868 3534 orandam
1908 3487 2134 3547 mercede,
2171 3489 2254 3534 aut
2285 3484 2420 3533 donis
2440 3489 2708 3533 'emeretim

1644 3561 1866 3626 Utrique
1887 3574 1942 3610 se
1961 3561 2288 3613 redimebant
2306 3560 2529 3624 pecunia
2550 3565 2605 3610 et
2621 3558 2711 3608 do·

1645 3636 1744 3700 nis,
1785 3637 2075 3701 litigatores
2118 3644 2174 3686 et
2216 3642 2521 3700 quaestores,
2566 3642 2708 3686 teste

1642 3713 1757 3776 ipso
1793 3714 1977 3764 Tacito
2004 3727 2188 3777 supra3
2223 3719 2279 3761 at
2317 3726 2455 3762 nunc
2492 3711 2712 3761 interdi-

1644 3791 1782 3841 citur
1802 3792 2035 3856 utrisque
2071 3791 2190 3840 talis
2230 3789 2512 3853 corruptio,
2533 3789 2708 3853 litiga·

1646 3868 1845 3919 toribus
1869 3882 2042 3917 emere
2063 3874 2324 3932 patronos,
2347 3873 2403 3916 et
2435 3865 2562 3915 dare
2602 3864 2715 3915 iuis

1643 3944 1937 3995 mercedem
1958 3958 2019 3993 ac
2042 3943 2346 4007 pecuniam;
2371 3942 2519 3992 simul
2543 3946 2600 3993 et
2620 3955 2708 3991 ca-

1645 4026 1815 4082 vetur,
1829 4035 1888 4069 ne
1907 4020 2172 4081 designatis
2191 4021 2378 4083 quidem
2399 4015 2711 4082 quaestoribus

1642 4086 1762 4144 esset
1785 4095 2067 4144 necessitas
2085 4094 2373 4145 redimendi
2388 4095 2493 4142 tale
2508 4106 2713 4154 munus,

1643 4170 1916 4234 largitione
1939 4171 2377 4233 spectaculorum.
2425 4168 2556 4217 Cum
2578 4165 2713 4217 dicit

1642 4262 1818 4315 supra,
1836 4246 2227 4313 adipiscerentur,
2261 4244 2318 4298 id
2341 4242 2609 4319 'intelligit
2636 4241 2707 4299 de
