3100 4925
2269 457 2291 488 ,
2404 405 2589 475 1419

388 569 550 652 illuc
578 585 1020 652 progressum,
1065 544 1173 664 ne,
1225 567 1284 629 si
1332 566 1415 629 ad
1464 565 1896 649 accipiendas
1942 566 2172 649 copias
2199 565 2461 650 Syriam
2486 568 2601 631 ins-v

391 670 694 744 travisset
715 666 1027 743 Corbulo,
1055 667 1347 730 omnium
1372 687 1488 731 ora
1515 668 1586 729 in
1603 687 1676 729 se
1708 672 2006 745 verteret,
2031 686 2306 751 corpore
2333 668 2587 750 ingens,

390 770 609 833 verbis
665 768 1072 849 magnificuS‚
1128 774 1216 845 et,
1271 789 1468 851 super
1514 770 1992 854 experientiam
2041 771 2586 874 sapientiamque,

389 871 595 943 etiam
623 871 850 952 specie
879 870 1173 933 inanium
1195 869 1477 933 validus.
1483 877 1501 915 ³
1528 877 1557 904 ¹¹
1812 893 1819 900 ·

430 975 541 1040 9.
587 971 893 1035 Ceterum
923 978 1195 1053 uterque
1242 969 1621 1051 Vologesen
1650 969 1904 1051 Regem
1928 971 2176 1033 nuntiis
2215 972 2592 1050 monebant,

394 1078 683 1166 ‘pacem
729 1093 930 1157 quam
984 1074 1226 1158 bellum
1275 1074 1517 1150 mallet,
1580 1071 1880 1155 datisque
1933 1072 2301 1150 obsidibuS‚
2331 1073 2594 1137 solitam

395 1155 751 1258 prioribus⁰
779 1175 1233 1241 reverentiamp
1261 1175 1328 1240 in
1363 1173 1699 1256 Populum
1733 1172 2110 1238 Romanum
2143 1172 2596 1239 continuaret-³

388 425 450 502 J.
472 429 533 490 c,
555 395 665 492 isa]
1094 418 1507 470 summum
1560 422 1708 470 ma.
1755 419 1930 469 xln.

400 1338 717 1400 Quadratum,
751 1339 831 1401 qui
876 1338 965 1386 hue
1001 1354 1143 1401 usque
1170 1343 1475 1414 processerat,
1492 1352 1569 1397 ne,
1597 1339 1640 1385 si
1658 1340 1721 1385 ad
1741 1338 2059 1399 recipiendum
2092 1338 2289 1386 militem
2310 1336 2544 1401 Syriam
2525 1351 2600 1385 ιιι-

393 1409 583 1464 gressus
620 1407 736 1450 esset
768 1402 983 1463 Corbulo,
1026 1404 1233 1451 omnium
1271 1404 1323 1451 in
1356 1417 1406 1450 se
1443 1404 1596 1450 oeulos
1621 1403 1902 1464 adverteret,
1938 1407 2124 1450 statura
2140 1416 2376 1464 proceras,
2394 1415 2601 1449 serruorae

395 1466 690 1530 magnificus,
713 1472 761 1516 et
784 1468 867 1530 qai
885 1473 1061 1529 preater
1086 1467 1314 1528 peritiam
1348 1465 1735 1528 patientiamque
1774 1466 1914 1529 belli,
1947 1466 2090 1514 etiam
2117 1470 2357 1528 pretextu
2389 1465 2603 1515 inanium

395 1532 711 1643 afflgiar-g
709 1592 840 1641 ambo
863 1594 1033 1641 missis
1053 1593 1237 1643 nuntiis
1256 1593 1512 1642 suadebant
1536 1595 1641 1653 regi
1669 1593 1908 1655 Vologeso,
1950 1599 2008 1642 nt
2046 1607 2225 1655 pacem
2261 1592 2416 1641 armis
2458 1569 2604 1640 ante·

400 1664 636 1720 poneret,
660 1657 808 1706 daret
828 1656 1053 1721 obsides,
1090 1666 1145 1706 et
1166 1673 1319 1722 quam
1341 1657 1577 1707 solebant
1601 1662 1755 1706 autea
1774 1671 1909 1718 reges
1936 1657 2238 1719 Parthorum,
2259 1656 2601 1714 reverentiam

1318 1769 1521 1790 0000000
1529 1755 1674 1790 ''te“

402 1840 586 1891 ductas
609 1848 816 1894 x11.45.
850 1844 1180 1909 stychia—2
1227 1845 1354 1895 Mss.
1394 1844 1546 1893 Harl.
1575 1843 1726 1893 Bodl.
1764 1843 1875 1893 Jes.
1918 1843 2091 1903 Egeas.
2154 1841 2299 1890 Male
2335 1840 2389 1888 in
2427 1838 2600 1888 multis

406 1906 569 1981 libris,
591 1909 758 1968 AEgas.
791 1909 1020 1958 Brotier.
1023 1913 1119 1957 -3
1156 1909 1319 1958 Miror
1341 1909 1594 1981 Lipsium,
1614 1907 1751 1971 quod
1774 1906 1826 1954 id
1855 1907 2140 1966 restituerit,
2170 1921 2253 1955 suo
2274 1905 2449 1964 animo,
2476 1917 2605 1963 vere,

404 1969 503 2018 sibi
528 1972 893 2033 gratulantem.
961 1973 1091 2022 Haec
1115 1974 1278 2036 gloria
1296 1974 1360 2024 ad
1387 1963 1733 2022 Puteolanum
1752 1970 2002 2034 pertinet.
2068 1970 2154 2018 Ita
2176 1970 2336 2019 etiam
2368 1967 2606 2018 ediderat

402 2034 709 2084 Beroaldus.
776 2037 916 2085 Male
939 2037 1104 2086 editio
1129 2038 1374 2102 princeps
1394 2053 1521 2101 spem
1540 2036 1801 2085 inanimam
1821 2035 2020 2085 validus.
2074 2033 2241 2084 Idem.

1399 2165 1645 2216 NOTAE·

402 2287 490 2337 Sic
509 2294 564 2337 et
584 2287 672 2338 ille
697 2290 808 2339 aliis
838 2291 983 2340 locis.
1052 2291 1206 2355 Apud
1239 2292 1459 2341 Dionem

402 2362 444 2412 l.-
465 2376 643 2436 Χινιῐ.
689 2372 803 2414 cst:
870 2365 920 2413 ἐν
962 2363 1151 2426 Αἷγέαις
1190 2363 1331 2415 ὄντας
1374 2364 1463 2413 ἐνί-

403 2454 538 2500 κησε.
562 2438 664 2490 Sed
683 2439 971 2507 ibiquoque
993 2441 1248 2497 Xilander
1267 2442 1462 2492 mavult

404 2518 456 2567 ἐν
475 2516 652 2581 Akyaia
703 2521 875 2572 Quare
899 2536 1096 2585 vereor,
1120 2536 1184 2571 ne
1201 2526 1257 2570 et
1273 2521 1461 2570 Strabo

405 2593 564 2644 etiam
589 2595 663 2644 sic
680 2596 965 2659 scripserit.
1002 2597 1284 2647 Gronovius.

469 2675 507 2701 ¹¹¹
543 2670 751 2734 ciliciae]
768 2672 902 2721 Vide
922 2680 1073 2743 notas
1094 2677 1263 2723 vnn.
1280 2673 1462 2722 Tillem.

469 2753 494 2779 ⁸
527 2748 693 2810 Specie
727 2749 938 2797 inanium
972 2747 1175 2810 validus]
1236 2749 1464 2798 Restitui

408 2836 525 2873 meo
559 2824 748 2887 animo,
789 2839 931 2881 vere.
997 2825 1240 2886 Corbulo,
1280 2825 1468 2889 inquit,

407 2913 509 2949 non
531 2900 692 2949 solum
714 2914 836 2949 vera
875 2900 1067 2949 virtute
1103 2900 1463 2965 sapientiaque

408 2990 638 3040 magnus,
670 2974 761 3025 sed
816 2977 972 3025 etiam
1023 2976 1215 3027 animos
1259 2977 1462 3027 allicere

407 3052 606 3116 peritus
631 3051 806 3114 specie
835 3052 1079 3115 inanium,
1112 3052 1167 3100 id
1190 3060 1287 3116 est,
1309 3052 1465 3116 gesti·

409 3129 533 3191 bus,
549 3127 736 3192 verbis,
764 3128 1044 3192 habituque
1082 3134 1316 3178 externo.
1349 3129 1466 3192 Lip-

408 3200 522 3256 sius.
589 3201 724 3253 Aliae
760 3202 1099 3266 interpretum
1124 3202 1370 3252 lectiones
1392 3203 1465 3251 in-

410 3285 548 3343 eptae
564 3286 620 3328 et
639 3277 836 3327 inanes.
1427 3294 1430 3301 ·

477 3355 648 3419 Specie
700 3353 936 3417 inanium]
1004 3355 1089 3404 Sic
1143 3355 1208 3404 de
1263 3355 1471 3405 Caecina

416 3429 555 3484 Hist.
579 3446 642 3481 11.
688 3431 703 3459 ‘
727 3432 919 3493 vigore
942 3430 1134 3493 aetatis,
1156 3432 1471 3494 proceritate

414 3510 659 3573 corporis,
698 3515 753 3558 et
798 3509 1022 3574 quodam
1070 3505 1211 3555 inani
1254 3505 1480 3556 favore!-

412 3583 639 3634 Pithena.

447 3690 452 3695 π
480 3660 647 3724 Specie
664 3659 897 3723 inanium]
938 3660 1149 3710 Grande
1178 3659 1231 3708 id
1254 3664 1475 3724 praetex·

415 3741 524 3786 tum
570 3735 778 3798 populo,
820 3743 877 3784 et
913 3736 1049 3802 quod
1085 3737 1270 3800 vulgus
1307 3735 1475 3784 hianti

414 3824 503 3859 ore
522 3810 819 3870 admiratur,
835 3825 1105 3874 perperam
1119 3825 1288 3874 saepe:
1313 3824 1472 3875 quare

417 3893 473 3951 et
493 3886 658 3934 inania
681 3899 744 3943 ea
764 3892 918 3935 vocat
932 3886 1161 3936 Tacitus.

483 3962 535 4011 N
541 3975 622 4010 am
640 3975 808 4026 neque
834 3977 1024 4025 corpore
1050 3963 1216 4023 ingens
1247 3962 1473 4012 Alexan·

416 4036 511 4086 der
528 4036 767 4100 Magnus,
780 4043 838 4085 ut
850 4050 1015 4101 neque
1026 4039 1219 4101 Caesar,
1232 4046 1287 4088 et
1297 4044 1474 4089 tamen

348 4114 358 4146 Γ
419 4111 588 4161 animo
619 4118 841 4177 uterque
871 4113 1212 4177 praevalidus;
1248 4114 1386 4179 quod
1417 4121 1475 4164 et

418 4192 598 4245 narrat
638 4186 705 4237 de
745 4186 993 4252 Agricola
1025 4196 1203 4239 socero
1231 4204 1341 4253 suo,
1363 4191 1473 4240 viro

414 4260 700 4333 fortissimo
712 4269 766 4316 et
781 4263 1082 4329 triumphali
1098 4262 1232 4316 infra
1243 4264 1476 4333 Tacitus,

1540 2290 1596 2337 in
1622 2288 1732 2337 vita
1752 2288 1908 2349 illius,
1930 2301 1976 2335 c.
2000 2291 2082 2336 40.
2115 2286 2131 2312 ‘
2158 2285 2315 2334 Cultu
2350 2284 2605 2349 modicus,

1541 2379 1775 2414 sermone
1811 2362 2005 2424 facilis,
2045 2375 2146 2409 uno
2182 2367 2274 2409 aut
2296 2360 2461 2409 altero
2484 2362 2609 2410 ami-

1542 2454 1719 2490 corum
1764 2439 2068 2499 comitatus;
2105 2436 2234 2486 adeo
2267 2444 2325 2486 ut
2350 2436 2607 2502 plerique,

1541 2516 1727 2582 quibus
1749 2528 1962 2578 magnos
2001 2514 2134 2561 viros
2160 2527 2252 2575 per
2275 2512 2608 2563 ambitionem
2686 2500 2694 2512 ⁴

1542 2593 1802 2642 aestimare
1846 2605 1957 2640 mos
2001 2596 2100 2653 est,
2137 2589 2247 2638 viso
2292 2595 2607 2654 aspectoque

1539 2672 1808 2736 Agricola,
1861 2676 2151 2735 quaererent
2192 2669 2399 2734 famam,
2428 2669 2608 2733 pauci-

1542 2765 1642 2815 que
1666 2745 2174 2813 interpretarentur.’

1606 2826 1769 2889 Specie
1808 2823 2043 2885 inanium]
2093 2824 2211 2874 Qua
2247 2822 2608 2882 conciliantur,

1543 2918 1646 2967 qua
1683 2903 1957 2966 capiuntur
2001 2899 2156 2949 animi
2189 2900 2348 2963 vulgi,
2383 2912 2527 2964 saepe
2550 2906 2609 2948 et

1540 2980 1844 3030 illuduntur.

1613 3054 1779 3118 Specie
1810 3051 2046 3114 inanium]
2095 3051 2301 3114 Forma,
2325 3054 2474 3114 setas,
2495 3065 2612 3114 pro-

1544 3131 1735 3180 ceritas
1756 3128 2008 3193 corporis,
2047 3133 2167 3176 sunt
2204 3126 2351 3175 velut
2387 3122 2520 3175 ‘vana
2552 3132 2611 3175 et

1542 3205 1708 3254 inania
1730 3220 1797 3253 ex
1832 3219 1908 3266 se,
1929 3203 2026 3252 nisi
2049 3202 2172 3267 quid
2206 3201 2347 3251 aliud
2384 3215 2614 3252 accesse-

1547 3282 1650 3340 rit;
1683 3286 1738 3329 et
1784 3279 1839 3329 in
1880 3278 2183 3342 quibusdam
2227 3276 2537 3340 bominibus,
2566 3276 2613 3326 si

1550 3356 1700 3405 abest
1749 3353 2029 3419 prudentia
2059 3353 2438 3417 sapientiaque,
2483 3353 2612 3402 nihil

1549 3431 1769 3491 inanius,
1792 3436 1879 3479 aut
1899 3428 2114 3478 futilius.

1618 3506 1792 3556 luania
1825 3505 1980 3555 etiam
2001 3511 2055 3554 et
2079 3519 2210 3553 vana
2231 3504 2343 3554 haec
2363 3504 2466 3554 dici
2495 3519 2614 3568 pos-

1552 3590 1690 3646 sunt,
1711 3582 1828 3646 quia
1864 3587 2115 3630 tumorem
2142 3586 2198 3629 et
2221 3580 2515 3643 superbiam
2540 3586 2616 3630 ta·

1551 3659 1687 3708 libus
1721 3659 2042 3721 ingenerant.
2127 3652 2376 3705 Attamen
2402 3671 2518 3720 quae
2540 3656 2615 3720 sic

1556 3735 1795 3785 videntur
1816 3733 1978 3783 inania
2004 3730 2361 3796 prudentibus,
2382 3731 2496 3781 haec
2519 3747 2615 3781 sae-

1555 3828 1621 3876 pe
1657 3812 1708 3861 in
1744 3810 1926 3872 vulgus
1965 3809 2086 3857 laeta
2107 3813 2165 3856 et
2187 3806 2615 3858 commendabilia

1554 3893 1693 3949 sunt,
1715 3893 1771 3936 et
1805 3884 2066 3948 praecipue
2092 3882 2146 3930 iu
2184 3880 2421 3944 ducibus,
2457 3882 2618 3947 impe·

1552 3961 1831 4024 ratoribus,
1865 3965 1921 4008 et
1957 3958 2090 4022 aliis,
2110 3956 2197 4022 qui
2219 3956 2392 4006 munia
2426 3964 2617 4020 gerunt

1554 4038 1783 4102 publica.

1617 4120 1642 4146 ⁰
1673 4111 1878 4161 Solitum
1896 4107 2154 4173 prioribus]
2185 4106 2392 4170 Nempe
2408 4120 2618 4172 usurpa·

1554 4190 1601 4240 ri
1620 4189 1808 4239 solitam
1824 4184 2063 4252 prioribus
2079 4184 2284 4248 regibus
2306 4183 2616 4247 Parthorum

1556 4280 1681 4330 erga
1709 4264 1968 4316 Romanos
1989 4259 2302 4312 reverentiam
2321 4263 2619 4324 praest-ret.
