3100 4925
433 330 609 404 1192
1142 349 1209 406 o.
1252 345 1622 396 conanum
1663 344 1940 398 mmm-

2311 351 2492 418 [Ᾱιῌ.
2510 356 2633 410 ‚8⁰³2

520 492 630 558 21.
657 488 970 556 Traditus
984 493 1155 575 ,post
1171 439 1325 555 ime
1342 487 2180 573 ιΜῖιειιη·ιιειιω,ηειιαειφω
2200 488 2492 558 Romam
2509 510 2629 576 pa

435 591 482 659 J
486 595 715 660 unium
759 592 1113 670 Cilonem,¹¹
1129 600 1146 629 ¹
1185 590 1725 656 Procuratorem⁰
1772 591 2023 670 Ροιιεί,Ρ
2068 592 2377 673 ferocius„
2425 611 2642 678 quam

494 760 703 811 Dedan
715 765 881 823 postea
902 759 1233 823 Mithridates,
1254 761 1510 823 ductuque
1529 758 1594 807 in,
1612 756 1783 807 Urbem
1798 772 1888 820 per
1905 757 2338 808 hunam-cilonem
2360 762 2636 823 procurato-2

1357 885 1383 904 O
1389 883 1590 905 OM‘OO
1595 883 1715 903 ‘Ost‘
1759 881 1762 882 ⁷

484 969 525 1015 *1
559 965 622 1015 In
642 967 768 1017 Mss.
793 972 849 1016 et
867 966 1128 1017 veteribus
1151 966 1464 1016 editionibus
1490 966 1725 1013 Colonem.
1792 966 1958 1015 Recte
1981 966 2312 1015 emendatum
2333 968 2543 1017 Gitonem
2564 981 2633 1018 ex

430 1030 625 1094 Dione,
652 1044 742 1080 Lx.
767 1047 820 1095 p.
844 1036 958 1081 687.
973 1030 1163 1081 'leontion
1178 1030 1405 1081 Χίλωνος.
1436 1032 1508 1080 Et
1530 1030 1594 1077 in.
1608 1030 1833 1094 antiquis
1849 1030 2267 1094 inscriptionibus
2284 1046 2425 1097 saepe
2447 1046 2652 1084 memo».
2703 1099 2712 1108 Β

433 1100 614 1148 rantur
632 1096 858 1158 Cilones,
880 1110 983 1145 non
1006 1110 1127 1146 vero
1151 1095 1385 1147 Colones.
1454 1096 1607 1144 Idem.

1424 1209 1645 1261 NOTAE

494 1299 592 1355 nis
632 1305 793 1369 igitur
816 1308 1099 1372 respondet
1120 1303 1361 1357 Claudius
1390 1307 1488 1356 boc

428 1373 562 1445 loco,
585 1381 601 1409 ‘
623 1383 907 1446 triumphos
946 1384 1011 1432 de
1054 1384 1259 1448 populis
1295 1382 1490 1447 reguis-

429 1470 533 1521 que
567 1456 784 1524 integris
831 1459 1029 1523 acquiri
1044 1459 1076 1508 ι’
1119 1474 1225 1509 non
1259 1473 1384 1508 vero
1422 1458 1489 1509 de

427 1538 607 1595 spreto
629 1541 683 1583 et
707 1534 949 1584 abdicato
986 1550 1145 1599 rege;
1178 1549 1280 1584 non
1316 1535 1381 1584 de
1412 1550 1488 1583 re-

421 1614 506 1672 ge,
523 1609 611 1673 qui
630 1623 798 1673 neque
816 1625 1049 1674 regnum,
1062 1625 1160 1659 nec
1178 1610 1262 1661 vel
1281 1610 1486 1674 quidem

424 1695 611 1734 nomen
635 1686 771 1749 regis
794 1687 1025 1736 haberet.

489 1760 676 1830 §ioque
722 1763 870 1827 quasi
915 1778 1011 1827 per
1060 1768 1379 1814 contemtum
1428 1769 1484 1813 ct

358 1854 362 1857 ⁴
422 1835 638 1898 gloriam
676 1837 917 1888 coneedit
954 1838 1154 1889 Eunoni
1194 1837 1330 1904 quod
1370 1852 1484 1901 pos-

421 1909 617 1962 tularat
641 1929 671 1962 a
689 1930 762 1980 se,
784 1928 968 1979 nempe
990 1929 1057 1964 ne
1081 1914 1482 1977 triumpharetur

420 1982 774 2038 Mithridates.

487 2062 618 2110 Nam
654 2062 937 2126 triumphos]
980 2062 1229 2126 Suspicor
1264 2062 1349 2111 hic
1389 2062 1479 2111 sli-

421 2134 551 2200 quid'
568 2143 865 2200 corruptum
881 2136 991 2197 ;'et·
1010 2143 1151 2201 puto,
1167 2153 1370 2187 sensum
1385 2140 1479 2187 Ta·

421 2211 521 2260 citi
537 2204 719 2274 fnisse,
741 2224 842 2261 non
867 2212 931 2262 de
955 2213 1158 2276 populis
1183 2211 1403 2264 afflictis
1422 2220 1481 2263 et'

419 2287 641 2350 miseris,
683 2295 772 2338 aut
809 2289 875 2338 de
919 2283 1128 2354 regilius
1180 2305 1340 2355 regno
1383 2307 1476 2341 suo

416 2355 599 2425 ejectis
657 2365 742 2413 vel
796 2366 1137 2429 supplicibus,
1193 2369 1479 2431 triumphos

419 2440 639 2505 acquiri,
674 2441 768 2490 sed
807 2442 873 2490 de
913 2443 1118 2505 populis
1154 2440 1479 2509 florentibus,

418 2510 730 2581 regibusque
754 2518 901 2580 regni
922 2519 1257 2580 potientibus.

483 2592 642 2647 Quod
672 2593 799 2642 satis
822 2598 995 2642 tamen
1028 2594 1251 2658 intelligi
1275 2595 1480 2646 videtur

414 2676 515 2730 per
557 2665 646 2716 illa
686 2669 872 2730 verba3
908 2671 1167 2734 triumphos
1201 2672 1261 2720 de
1291 2673 1478 2737 populis

411 2743 661 2809 regnisque
679 2744 884 2806 integris
902 2745 1097 2809 acquiri.

480 2819 617 2868 Nam
668 2819 712 2869 si
755 2822 937 2885 populi
990 2822 1201 2887 integri,
1236 2825 1279 2874 si
1314 2840 1476 2888 regua

412 2894 652 2957 integra3
686 2897 760 2946 ita
800 2904 858 2948 et
895 2913 1042 2962 reges
1073 2898 1262 2949 florent
1299 2903 1473 2964 armis,

412 2977 721 3036 certantque
744 2987 805 3021 ac
827 2975 1107 3036 resistunt3
1142 2982 1198 3026 et
1220 2983 1326 3025 tum
1352 2991 1473 3025 vere

411 3047 697 3109 triumphos
721 3049 950 3111 acquiri:
982 3063 1082 3098 non
1107 3056 1281 3100 autem
1304 3051 1369 3100 de
1384 3052 1474 3100 mi·

411 3122 537 3170 seris
576 3136 638 3172 ac
678 3124 1019 3189 supplicibus,
1052 3127 1141 3190 qui
1180 3140 1235 3174 se
1271 3126 1471 3185 tautum

411 3197 561 3247 vittis
577 3203 633 3248 et
653 3197 829 3248 infulis
852 3206 1081 3265 tuentur,
1105 3216 1204 3251 non
1229 3202 1400 3253 armis.

475 3274 546 3322 Et
567 3274 681 3339 quis
723 3276 1008 3340 triumphus
1042 3278 1131 3327 ille
1170 3278 1237 3328 de
1270 3278 1472 3342 populis

408 3350 619 3413 pridem
656 3352 901 3416 subjectis
933 3360 990 3403 et
1028 3370 1170 3404 arma
1200 3370 1305 3404 non
1346 3355 1472 3406 reti-

408 3427 673 3491 nentibus,
708 3433 798 3477 aut
834 3427 899 3476 de
931 3442 1055 3492 rege
1097 3429 1353 3491 abdicato,
1384 3445 1473 3480 ex-

407 3506 570 3563 torre,
602 3505 855 3569 supplice,
883 3510 940 3554 et
974 3521 1030 3556 se
1062 3506 1187 3556 fidei
1220 3498 1477 3556 Romano-⁵

409 3589 525 3625 rum
547 3580 916 3640 permittente?

462 3652 771 3716 Triumphus]
846 3655 1104 3705 Absolute
1160 3659 1467 3723 triumphari

402 3736 707 3791 potuerunt,
728 3737 784 3778 et
804 3731 860 3779 id
891 3729 1030 3780 forte
1053 3743 1357 3785 meruerant
1376 3751 1465 3800 po-

401 3802 510 3871 puli
543 3802 652 3866 isti,
669 3818 901 3870 reguum,
915 3811 970 3855 et
993 3820 1086 3855 rex
1109 3808 1244 3872 ipse3
1271 3811 1465 3874 quippe

403 3879 738 3943 rebellarant,
783 3895 943 3944 arma,
986 3883 1142 3946 bella,
1185 3892 1240 3935 et
1289 3886 1465 3937 hostes

389 3954 681 4007 incitarent
691 3955 939 4005 adversus
952 3958 1208 4008 Romanos
1221 3976 1234 4007 ε
1250 3966 1306 4009 et
1319 3968 1464 4011 certe

400 4030 715 4097 triumphum
747 4033 1078 4097 concupisset
1113 4034 1276 4099 magis
1311 4036 1463 4087 Clau-

402 4106 534 4171 dius,
557 4121 706 4177 quum
729 4108 942 4167 bellum.

467 4183 581 4236 Nec
616 4199 799 4238 revera
832 4185 988 4239 aliter
1024 4187 1459 4258 triumphabunt,

1572 1313 1725 1370 quam
1758 1305 1824 1354 de
1848 1305 2053 1369 populis
2090 1302 2312 1366 afflictis,
2344 1310 2404 1354 et
2422 1304 2634 1368 regibus

1570 1377 1884 1444 profligatis:
1921 1382 2011 1430 sed
2043 1387 2101 1431 ut
2119 1381 2324 1430 veniam
2358 1380 2634 1445 suadeant,

1571 1471 1681 1505 rem
1733 1457 1969 1507 minuunt
2028 1473 2088 1507 ac
2136 1460 2370 1507 elevant:
2408 1472 2631 1523 nempe,

1566 1532 1583 1559 ‘
1609 1532 1894 1596 triumphos
1917 1533 1983 1582 de
2006 1534 2211 1598 populis
2246 1534 2521 1600 regnisque
2553 1533 2633 1582 in·

1572 1608 1730 1670 tegris
1761 1607 1956 1672 acquiri
1974 1608 2009 1658 ε’
2065 1608 2268 1658 scilicet
2301 1607 2367 1657 de
2404 1608 2630 1671 populis,

1565 1684 1653 1747 qui
1676 1698 1817 1733 arma
1853 1691 1909 1734 et
1946 1683 2193 1735 ferociam
2230 1684 2525 1750 retineant3
2559 1684 2629 1733 de

1565 1760 1789 1824 populis,
1809 1760 1898 1825 qui
1920 1774 2100 1823 regem
2120 1760 2364 1819 habeant,
2400 1765 2456 1807 et
2473 1757 2630 1828 ,simul

1565 1849 1682 1884 cum
1704 1850 1829 1899 rege
1852 1841 2074 1906 certent,
2111 1840 2203 1884 aut
2238 1842 2441 1884 certare
2462 1830 2630 1884 adhuc

1564 1911 1784 1972 possint,
1810 1912 1980 1960 animo
2002 1912 2055 1959 in
2080 1910 2134 1960 id
2159 1910 2346 1974 parati.

1627 1985 1947 2048 Deregibus
1968 1999 2174 2052 nempe,
2205 1985 2293 2048 qui
2332 1982 2629 2047 provincias
2705 1968 2714 1974 ⁸

1563 2073 1824 2124 regnaque
1848 2060 2054 2130 integra
2078 2060 2243 2109 adhuc
2272 2066 2329 2109 et
2362 2074 2506 2110 arma
2541 2060 2629 2110 lia-

1558 2133 1735 2197 beant,
1756 2134 1823 2184 de
1847 2135 2040 2199 regnis,
2063 2135 2129 2184 de
2147 2134 2373 2199 regibus,
2394 2135 2481 2199 qui
2497 2134 2633 2184 inte-

1558 2225 1649 2273 gro
1671 2217 1811 2261 statu
1835 2212 1961 2274 sint,
1992 2227 2096 2261 non
2117 2219 2289 2260 autem
2323 2211 2391 2260 de
2417 2211 2630 2274 regibus

1562 2285 1788 2351 afflictis,
1819 2289 2045 2350 miseris,
2074 2290 2330 2352 exulibus,
2352 2288 2438 2352 qui
2456 2302 2629 2353 neque

1562 2363 1730 2426 sedes,
1754 2357 2112 2428 urbes,'arces,
2132 2378 2280 2428 opes,
2303 2378 2470 2429 neque
2495 2379 2626 2429 prae-

1558 2438 1690 2488 sidia
1711 2440 1818 2489 ulla
1841 2446 1931 2490 aut
1953 2454 2095 2489 arma
2116 2441 2386 2490 haberent.
2439 2495 2447 2501 ,

1625 2521 1654 2546 ¹
1680 2516 1883 2566 Junium
1906 2517 2139 2579 Gitonem]
2177 2519 2396 2567 Colonen·
2414 2517 2469 2567 in
2487 2523 2626 2568 vete-

1562 2590 1704 2641 ribus
1751 2592 1910 2642 libris.
1978 2592 2083 2642 Hic
2129 2599 2185 2651 et
2227 2593 2367 2643 infra
2404 2595 2628 2646 emendo

1560 2669 1785 2718 cilonem.
1853 2669 1962 2719 Dio
2006 2675 2188 2718 auctor
2221 2671 2273 2718 -l.
2317 2683 2404 2719 Lx.
2450 2668 2628 2721 faceta

1557 2745 1855 2794 narratione
1922 2746 2119 2794 inserta
2183 2760 2340 2809 super
2400 2747 2625 2811 homine,

1555 2820 1574 2846 ‘
1596 2819 1892 2879 Praefuerat
1930 2821 2208 2886 Bithynis‚’
2245 2823 2627 2891 inquit,‘(nam

1549 2896 1807 2960 ‘Bithynia
1846 2898 2112 2962 adjuncta,
2133 2905 2194 2948 ut
2218 2901 2420 2963 opinor,
2441 2902 2622 2950 Ponti-

1555 2986 1631 3020 cae
1656 2972 2116 3040 administrationi)
2138 2981 2194 3024 et
2215 2975 2499 3039 praefuerat
2531 2991 2623 3026 ne-

1552 3047 1743 3111 quiter,
1766 3049 1956 3100 avare!

1619 3123 1809 3174 Questi
1869 3126 2084 3190 Bithyni
2143 3127 2284 3190 apud
2347 3127 2617 3179 Claudium
2679 3154 2684 3157 ·

1556 3205 1697 3259 sunt,
1735 3209 2187 3267 poposceruntque
2228 3202 2421 3266 poeuas.
2488 3206 2620 3255 Cum

1554 3286 1737 3336 parum
1760 3275 2104 3327 intellexisset
2121 3279 2367 3328 Claudius
2387 3280 2440 3329 in
2462 3281 2619 3331 turba

1555 3351 1878 3416 strepituque
1903 3354 2197 3418 astantium,
2218 3355 2343 3419 quid
2364 3356 2621 3409 dixissent

1554 3425 1787 3491 Bithyni,
1822 3429 1951 3478 alios
1985 3430 2295 3493 interrogat.
2357 3431 2443 3480 -lbi
2484 3433 2620 3482 Nar-

1550 3502 1712 3552 cissus
1733 3519 1925 3568 pronus
1942 3507 1995 3555 in
2010 3506 2261 3575 Cilonem,
2278 3507 2459 3558 audaci
2479 3523 2621 3558 men-

1550 3578 1702 3628 dacio
1720 3582 1905 3643 edidit,
1920 3583 2111 3645 gratias
2134 3597 2225 3632 eos
2243 3597 2404 3646 agere
2426 3585 2617 3635 Ciloni.
2711 3614 2722 3623 =

1546 3657 1676 3707 Tum
1716 3659 1822 3720 ille,
1845 3660 1878 3695 ⁴
1898 3659 2082 3722 praesit
2118 3674 2240 3723 ergo
2280 3659 2355 3708 cis
2393 3660 2616 3713 alterum

1545 3732 1844 3785 biennium.’

1611 3809 1818 3858 Dicitur
1835 3817 2009 3860 autem
2029 3811 2191 3861 Dioni
2213 3809 2402 3861 Ἰούνιος
2435 3809 2615 3874 xum,
2669 3853 2674 3859 .

1547 3890 1604 3933 et
1637 3884 1809 3936 firmat
1837 3886 2003 3940 Vilius
2039 3888 2275 3950 Longus:
2324 3891 2340 3916 ⁶
2368 3886 2618 3947 cnonas:-

1545 3959 1638 4019 sit,
1657 3962 1672 3988 ‘
1696 3967 1948 4011 vocantur
1986 3960 2217 4010 homines
2247 3962 2450 4025 augusti
2474 3962 2617 4025 capi-

1543 4035 1618 4104 tis
1647 4040 1704 4084 et
1735 4034 1906 4097 longi:
1943 4036 2183 4085 chilones
2215 4052 2247 4087 a
2283 4037 2616 4088 brevioribus
2640 4091 2648 4109 ,1

1536 4109 1689 4160 tabiis
1727 4110 1900 4185 dicti-’2
1961 4111 2194 4164 Glossae:
2218 4112 2354 4179 Cilo,
2376 4109 2612 4178 προκᾶφα·
2665 4154 2684 4165 κ
2721 4160 2726 4163 .

1537 4193 1640 4236 λος.
2444 4235 2447 4238 .
2578 4236 2581 4241 ,
