3100 4925
401 358 576 426 1254

1113 376 1180 425 G.
1198 370 1591 424 -connnnll
1635 370 1892 422 'Mem

2269 376 2362 441 [A.
2382 366 2599 428 (Lm

1386 542 1607 597 No‘rAE

406 658 458 707 in
484 673 587 722 qua
626 662 739 707 erat
759 673 969 722 purpura
1001 663 1221 722 attexta,
1254 675 1344 710 seu
1367 661 1462 710 cir·
1541 657 1753 708 niebant
1771 672 1862 708 sex
1886 656 2148 708 coronati.
2182 655 2259 706 sie
2274 654 2391 705 fere
2405 653 2602 703 factum

407 738 687 784 eumtexta.
754 733 908 783 Unde
924 748 1107 783 nomen
1129 735 1310 784 habuit
1338 751 1463 799 prae·

406 811 560 859 texta.
641 808 781 859 Hinc
833 817 889 860 et
937 798 1269 876 περιπόρφυρος
1322 811 1464 863 dicta

410 884 635 934 Graecis.

474 961 623 1025 Toga
645 968 818 1013 autem
838 963 1012 1028 virilis,
1031 970 1143 1015 tota
1164 969 1220 1014 et
1241 979 1306 1014 ex
1329 966 1467 1014 omni

412 1043 563 1099 parte
580 1038 800 1088 candida
820 1048 952 1103 erat,
972 1039 1216 1106 nullaque
1236 1056 1470 1105 purpura

408 1111 509 1173 ipsi
544 1117 750 1162 attexta
766 1113 886 1175 fuit,
916 1115 1054 1164 unde
1076 1121 1132 1164 et
1148 1131 1273 1179 pura
1292 1117 1470 1180 appel-

413 1186 637 1238 labatur.

482 1262 621 1310 Plin.
676 1262 711 1312 l.
753 1277 876 1314 vm.
928 1264 1277 1316 inventionem
1332 1273 1471 1330 togae

415 1352 559 1400 purae
580 1338 822 1389 attribuit
841 1340 1145 1406 Tanaquili:
1177 1343 1194 1371 ‘
1219 1344 1296 1393 Ea
1310 1343 1476 1406 prima

418 1413 589 1462 texuit
630 1413 814 1464 rictam
855 1415 1098 1480 tunicam,
1141 1417 1317 1482 quales
1356 1432 1475 1466 cum

420 1494 547 1550 toga
565 1503 698 1551 pura
720 1490 915 1543 tirones
955 1492 1233 1542 induuntur
1255 1497 1312 1542 et
1329 1507 1477 1543 novae

420 1565 642 1628 nuptae!

483 1640 592 1690 Alii
612 1641 715 1692 alio
738 1643 843 1707 die,
863 1651 920 1694 et
942 1645 1043 1694 aiio
1064 1645 1212 1706 loco;
1244 1650 1300 1694 et
1323 1645 1481 1694 etiam

417 1715 473 1765 in
517 1718 831 1783 municipiis,
867 1725 1037 1783 togam
1080 1720 1279 1769 virilem
1319 1734 1483 1770 sume·

421 1793 551 1842 bant
565 1794 667 1857 ipsi
689 1796 880 1844 civium
897 1797 1045 1847 Rom.
1066 1796 1177 1848 filii.
1244 1798 1330 1847 Sic
1351 1797 1485 1847 filius

423 1869 688 1920 Ciceronis
727 1873 911 1921 sumsit
949 1881 1121 1936 togam
1161 1888 1274 1922 eam
1295 1878 1343 1923 6.
1377 1873 1487 1921 Ra-

421 1946 562 1995 lend.
621 1945 838 2009 Aprilis,
879 1956 935 1997 et
978 1955 1156 1999 narrat
1192 1949 1382 1998 Cicero
1432 1963 1487 1997 se

422 2019 601 2083 Arpini
639 2028 813 2083 togam
868 2036 1049 2085 puram
1098 2021 1205 2071 filio
1261 2022 1486 2070 dedisse.

424 2095 597 2159 Epist.
630 2109 716 2145 xx.
756 2101 838 2146 22.
904 2098 920 2125 ‘
944 2098 1057 2161 Ego
1097 2112 1211 2147 meo
1251 2097 1491 2147 Ciceroni

425 2169 616 2237 (Roma
647 2171 904 2237 caremus)
935 2172 1125 2237 Arpini
1167 2173 1492 2238 potissimum

427 2254 604 2311 togam
643 2262 824 2312 puram
862 2249 1003 2314 dedi,
1038 2251 1195 2316 idque
1227 2251 1494 2315 municipi-

428 2322 527 2371 bus
546 2323 739 2372 nostris
760 2322 863 2373 fuit
884 2325 1125 2387 gratum!
1189 2328 1260 2376 Et
1275 2327 1310 2374 l.
1336 2340 1388 2378 v,
1424 2327 1491 2376 ad

431 2397 599 2448 Attic.
632 2400 785 2463 epist.
821 2405 905 2450 20.
958 2400 974 2428 ‘
997 2403 1108 2465 Ego
1153 2417 1271 2451 cum
1306 2401 1493 2452 Laodi-

430 2488 574 2538 ceam
588 2489 797 2534 venero,
819 2477 1037 2539 Quinto,
1048 2477 1234 2526 sororis
1251 2484 1352 2526 tuoe
1369 2476 1497 2541 filio,

432 2555 607 2612 togam
627 2563 805 2614 puram
819 2550 1013 2613 jubeor
1033 2550 1194 2614 dare,'
1219 2554 1314 2600 διο.

498 2625 670 2675 Galba
704 2626 953 2676 Kalendis
992 2626 1251 2678 Januariis
1295 2627 1495 2676 virilem

435 2708 607 2765 togam
651 2704 850 2753 sumsit.
897 2703 1061 2753 Cassii
1099 2701 1237 2752 filius
1274 2708 1353 2752 15.
1390 2704 1497 2755 Ka·

435 2778 579 2829 lend.
601 2781 803 2829 Martii.
839 2779 1102 2843 Augustus
1117 2780 1262 2829 ‘inito
1284 2778 1500 2830 Autum-

434 2872 523 2907 no.
557 2859 714 2909 Caius
757 2859 977 2922 Augusti
1004 2858 1141 2908 filius
1165 2858 1389 2907 Kalend.
1412 2859 1503 2910 δερ

435 2935 623 2986 nuarii.
655 2936 966 2985 Commodus
1008 2938 1092 2985 27.
1147 2935 1234 2984 die
1274 2936 1500 2984 Novem-

439 3009 563 3058 bris.

503 3084 582 3133 Eo
604 3083 689 3132 die
702 3097 803 3148 quo
821 3087 991 3146 togam
1010 3082 1212 3132 virilem
1232 3084 1504 3135 sumebant

438 3158 533 3209 filii
551 3158 856 3223 principum,
892 3158 1119 3209 dabatur
1147 3160 1288 3224 plebi
1331 3162 1506 3224 Congi-

440 3236 613 3298 arium,
656 3235 715 3283 iis
756 3249 941 3299 nempe
989 3236 1078 3300 qui
1116 3234 1431 3287 frumentum
1471 3253 1503 3289 e

442 3311 653 3376 publico
676 3311 1017 3374 accipiebant.

439 3400 446 3404 ’
504 3387 594 3437 Sic
630 3399 693 3435 eo
715 3385 798 3434 die
822 3401 925 3450 quo.
945 3387 1099 3437 Caius
1119 3385 1344 3451 Augusti
1366 3387 1502 3438 filius

442 3469 621 3527 togam
641 3460 842 3510 virilem
864 3464 1061 3525 sumsit,
1079 3462 1399 3526 congiarium
1417 3479 1506 3526 po-

437 3538 568 3603 ·pulo
590 3537 741 3586 dedit
760 3535 1045 3600 Augustus.
1112 3537 1233 3600 Ipse
1257 3537 1309 3585 iu
1332 3537 1505 3601 lapide

444 3613 754 3678 Ancyrano:
821 3614 837 3641 ‘
872 3611 1253 3662 Duodecimum
1314 3613 1506 3662 Consul

441 3689 694 3739 trecentis
738 3693 794 3737 et
838 3688 1024 3750 viginti
1075 3687 1299 3736 millibus
1340 3689 1507 3751 plebis

443 3763 653 3814 urbanae
710 3775 995 3826 sexagenos
1038 3762 1277 3812 denarios
1316 3763 1509 3812 viritim

445 3837 605 3889 dedi?
664 3837 780 3887 Illis
817 3845 991 3887 autem
1036 3852 1067 3886 e
1111 3839 1266 3900 plebe
1304 3840 1510 3903 congia-

443 3916 582 3967 rium
611 3916 777 3979 dedit,
799 3920 885 3981 qui
918 3915 1211 3976 frumentum
1226 3916 1413 3980 publice
1432 3934 1509 3967 ac-

443 4097 454 4112 ·
511 4075 595 4121 60.
627 4070 828 4119 denarii
872 4069 947 4118 sic
981 4068 1264 4134 distributi,
1315 4068 1513 4121 fuerint

447 4160 580 4197 unus
593 4146 775 4210 millio,
787 4151 1052 4209 nongenta
1067 4160 1129 4197 ac
1149 4150 1234 4196 20.
1252 4146 1411 4196 millia
1429 4162 1515 4197 co-

447 4227 766 4290 ronatorum,
783 4225 1060 4290 1,920,000.
1079 4236 1100 4287 5
1116 4229 1173 4275 et
1192 4222 1377 4289 cuique
1395 4233 1513 4278 eve·

1542 733 1596 782 in
1617 734 1905 784 Caesaribus
1925 749 2015 783 seu
2054 731 2172 782 filiis
2195 732 2508 797 principum,
2548 734 2606 778 et

1546 822 1682 857 nunc
1720 810 1773 857 in
1814 809 2023 857 Nerone
2064 808 2160 857 sub
2196 803 2605 857 Claudianis

1545 897 1657 933 mos
1677 884 1834 933 etiam
1865 883 1930 932 ad
1953 884 2183 947 privatos
2220 883 2273 931 in
2314 881 2607 946 provincias

1548 960 1754 1009 transiit
1797 959 1935 1008 Plin.
1967 956 2136 1022 Epist.
2159 971 2217 1009 Χ.
2259 961 2371 1008 117.
2435 954 2606 1004 Etiam

1548 1034 1791 1084 Tiberius
1834 1034 2163 1098 largitionem
2197 1032 2451 1095 exhibuit,
2487 1044 2608 1079 cam

1549 1120 1724 1176 togam
1738 1112 1943 1161 virilem
1965 1112 2162 1161 Neroni
2193 1119 2250 1162 et
2282 1113 2457 1161 Druso
2478 1109 2613 1159 Ger-

1549 1188 1739 1237 manici
1758 1187 1875 1237 filiis
1912 1188 2081 1238 daret.
2133 1188 2221 1238 Sic
2241 1186 2370 1238 Tac.
2398 1188 2436 1236 l.
2459 1200 2523 1235 11.
2553 1190 2614 1235 et

1550 1265 1766 1314 Sueton.
1798 1264 1911 1315 Tib.
1944 1269 2025 1314 64.
2060 1265 2077 1293 ‘
2101 1265 2357 1314 Maximus
2380 1270 2509 1312 natu
2546 1261 2613 1311 de

1555 1341 1856 1389 Germanici
1877 1339 1993 1389 filiis
2017 1340 2282 1389 Neronem
2297 1345 2353 1388 et
2386 1339 2613 1386 Drusum

1556 1417 1620 1467 P.
1641 1418 1700 1467 C.
1722 1415 2101 1466 commendavit
2124 1431 2137 1465 t
2173 1415 2413 1479 diemque
2430 1413 2619 1461 utrius·

1558 1508 1665 1557 que
1699 1490 1958 1555 tirocinii,’
2010 1490 2274 1556 (inteilige
2315 1489 2456 1537 diem
2514 1501 2617 1552 quo

1558 1570 1756 1619 virilem
1791 1577 1964 1633 togam
2008 1567 2259 1628 sumsere)
2315 1567 2331 1595 ‘
2356 1564 2622 1630 congiario

1563 1646 1707 1710 plebi
1732 1644 1858 1694 dato
1881 1644 2210 1694 celebravit?

1626 1722 1714 1771 Sic
1736 1726 1793 1771 et
1815 1725 1991 1770 nostro
2016 1721 2254 1769 hocloco
2276 1717 2486 1768 Taciti.
2519 1719 2627 1767 Aa·

1563 1799 1718 1847 «litam
1733 1796 1921 1846 nomine
1936 1795 2159 1846 Neronis
2175 1794 2443 1844 donativum
2462 1792 2630 1856 militi,

1565 1873 1861 1934 congiarium
1906 1871 2050 1935 plebi,
2094 1871 2183 1935 qui
2239 1871 2403 1918 bonor
2456 1866 2629 1917 defuit

1568 1949 1840 2012 Caligulae,
1877 1954 2021 1996 metu
2042 1947 2259 2008 Tiberii,
2279 1946 2367 2009 qui
2389 1950 2446 1994 et
2463 1942 2633 1993 defuit

1568 2025 1785 2075 Claudio
1851 2025 1921 2074 ob
1985 2024 2351 2074 valetudinem.
2416 2024 2631 2072 Sueton.

1571 2100 1754 2149 Claud.
1788 2114 1856 2151 ιι.
1899 2101 1916 2129 ‘
1937 2100 2023 2151 Ob
2061 2101 2194 2149 lianc
2232 2099 2451 2149 eandem
2494 2096 2632 2146 vale-

1571 2176 1803 2226 tudinem
1822 2184 1878 2226 et
1906 2175 2212 2241 gladiatorio
2235 2189 2468 2237 munere,
2492 2170 2633 2238 quod

1571 2252 1719 2301 simul
1753 2267 1868 2302 cum
1906 2251 2069 2302 fratre
2091 2251 2422 2318 (Germanico)
2442 2262 2635 2298 memo·

1573 2328 1663 2376 riae.
1696 2328 1860 2393 patris
1881 2325 2084 2393 (Drusi)
2106 2327 2317 2389 edebat,
2335 2322 2636 2389 palliolatus

1572 2418 1709 2453 novo
1730 2418 1872 2454 more
1910 2402 2187 2468 praesedit3
2221 2406 2275 2450 et
2300 2409 2434 2464 togae
2473 2397 2634 2447 virilis

1574 2481 1678 2543 die,
1701 2482 1844 2529 circa
1887 2480 2114 2528 mediam
2147 2482 2371 2535 noctem,
2407 2475 2518 2524 sine
2557 2488 2639 2523 so-

1573 2554 1717 2604 lenni
1754 2552 1924 2603 officio
1948 2554 2000 2602 in
2024 2552 2336 2616 Capitolium
2357 2552 2496 2600 latus
2520 2547 2639 2599 est.’

1639 2628 1827 2678 Pueris
1865 2626 2194 2692 praetextatis
2224 2626 2381 2675 semel
2414 2625 2468 2673 in
2508 2637 2644 2673 anno

1576 2704 1791 2754 induere
1813 2704 1966 2753 licuit
1989 2709 2161 2766 togam
2196 2716 2375 2765 puram
2417 2705 2500 2749 16.
2520 2699 2644 2748 Kal.

1579 2780 1750 2843 April.
1787 2781 1841 2828 in
1878 2778 2034 2840 festo,
2057 2791 2244 2841 nempe
2265 2775 2481 2837 Bacchi,
2501 2772 2642 2838 quod

1579 2856 1823 2905 Liberalia
1842 2855 2120 2917 vocabant,
2146 2861 2207 2903 ut
2244 2851 2433 2915 majori
2454 2864 2644 2914 pompa

1581 2930 1992 2982 celebrarentur.
2075 2926 2230 2977 Ovid.
2266 2928 2283 2956 ‘
2306 2928 2447 2990 Ergo
2483 2930 2545 2973 ut
2581 2924 2649 2974 ti·

1580 3020 1761 3055 ronum
1809 3004 2077 3054 celebrare
2119 3001 2416 3068 frequentia
2465 3000 2651 3065 possit,

1582 3082 1712 3131 Visa
1750 3081 1858 3130 dies
1899 3080 2084 3129 dandae
2125 3094 2225 3129 non
2263 3079 2434 3128 aliena
2470 3075 2647 3142 togae?

1583 3156 1737 3206 Unde
1782 3156 1939 3206 etiam
1989 3155 2138 3204 libera
2195 3161 2318 3219 toga
2361 3154 2507 3204 dicta
2549 3158 2650 3204 est.

1586 3233 1741 3283 Ovid.
1764 3231 1906 3283 Fast.
1927 3246 2013 3283 111.
2046 3233 2063 3261 ‘
2085 3232 2206 3281 Sive
2230 3225 2369 3296 quod
2391 3244 2447 3278 es
2471 3228 2650 3291 Liber,

1584 3310 1743 3358 vestis
1766 3322 1966 3373 quoque
1988 3307 2175 3357 Libera
2197 3320 2292 3370 per
2313 3312 2367 3354 te
2395 3303 2653 3366 sumitur,

1585 3391 1642 3433 et
1682 3385 1802 3434 vitae
1841 3383 2096 3433 liberioris
2127 3380 2266 3430 erit.’
2329 3380 2515 3443 Itaque
2538 3377 2651 3427 libe-

1584 3476 1691 3509 ram
1728 3461 1860 3508 hanc
1905 3465 2078 3522 togam
2120 3455 2471 3519 appellarunt,
2510 3452 2651 3518 quod

1587 3535 1749 3585 omnis
1787 3535 2005 3582 honesta
2044 3532 2274 3593 libertas,
2296 3545 2410 3594 quae
2431 3530 2652 3580 aliorum

1587 3613 1774 3663 civium
1796 3617 1953 3671 esset,
1985 3609 2048 3658 iis
2084 3610 2172 3673 qui
2207 3623 2318 3656 eam
2355 3608 2654 3671 induerant,

1590 3687 1984 3739 concederetur.
2063 3684 2203 3734 Hinc
2229 3684 2441 3733 Persius
2464 3685 2573 3732 Sat.
2597 3695 2654 3732 v-

1591 3770 1671 3815 30.
1719 3766 1736 3791 ‘
1762 3762 2007 3813 Permisit
2045 3762 2292 3824 sparsisse
2335 3760 2512 3808 oculos
2540 3759 2655 3823 jam

1591 3840 1842 3890 candidus
1864 3838 2055 3888 umbo.’
2120 3835 2204 3885 Ad
2246 3848 2397 3899 quem
2432 3835 2510 3883 sic
2543 3835 2658 3884 Cae·

1587 3916 1687 3965 lius
1732 3914 2167 3978 Rbodigin.11v.
2220 3915 2300 3960 16.
2354 3910 2371 3938 ‘
2398 3909 2571 3959 Umbo
2623 3924 2659 3959 a

1591 3990 1775 4040 Persio
1796 3995 2016 4039 vocatur
2036 3993 2183 4051 toga,
2207 3985 2344 4051 quod
2380 3983 2451 4034 sit
2478 3983 2662 4034 umbo*

1592 4067 1670 4116 nis
1691 4066 1856 4114 instar
1877 4069 2062 4115 contra
2081 4059 2504 4128 reprehensiones
2524 4071 2664 4127 pm*

1591 4137 1901 4208 ceptorum?
2647 4161 2653 4172 ·
