3100 4925
461 405 645 473 1196.
2335 425 2429 491 [Α.
2447 427 2518 479 υ.
2538 402 2659 480 θοοὶ

460 564 818 650 publicatis
834 564 1048 644 bunia,
1072 564 1329 630 cederet
1346 563 1610 629 Italia-’⁹
1675 563 1784 629 Ita
1803 565 2237 648 quinquagies
2263 568 2658 647 sestertium,

462 687 550 732 ex
579 666 867 749 opibus
846 662 1236 744 1mmensis,f
1258 667 1442 730 exuli
1469 668 1787 731 relictum.
1876 665 1967 737 Et
1991 665 2354 749 Calpurnia
2387 668 2664 735 illustris

463 767 774 832 foemina⁸
794 764 1230 849 pervertitur,¹¹
1247 769 1408 850 qu'ia
1433 768 1709 830 sormam
1737 767 1887 851 ejus
1908 766 2296 834 laudaverat
2312 767 2661 852 PrincepS,

459 868 643 931 nulla
685 867 982 945 libidine,
1034 867 1152 930 sed
1205 868 1472 931 fortuito
1520 886 1853 931 sermone:
1919 866 2092 930 unde
2120 868 2226 929 vis
2271 863 2660 951 Agrippino&

465 969 628 1032 citra
654 969 882 1032 ultima
922 966 1143 1034 stetit)
1230 969 1313 1032 In
1342 969 1628 1033 Lolliam
1656 970 1934 1032 mittitur
1951 964 2339 1045 Tribunus}
2356 987 2398 1030 a
2418 973 2549 1052 quo
2573 967 2661 1034 ad

465 1074 741 1133 mortem
784 1067 1188 1150 adigeretur.¹
1274 1069 1653 1133 Damnatus
1699 1074 1767 1132 et
1806 1068 1953 1150 le‘ge
1996 1068 2495 1151 repetundarum
2531 1063 2663 1132 Ca-

462 1169 641 1233 dius²
672 1169 963 1247 Rufus,=¹=
994 1170 1462 1233 accusantibus
1493 1170 1852 1252 Bithynis.¹¹

1170 423 1236 490 c.
1277 416 1640 473 ooamzmi
1681 419 1939 468 ἰἈοιτι

464 1317 736 1395 cogitasse,
773 1324 827 1367 et
865 1320 1133 1369 materiam
1173 1319 1371 1369 crimini
1411 1318 1830 1372 subtrahendam.
1896 1317 1982 1367 Ita
2019 1331 2083 1365 ue
2121 1316 2176 1364 in
2212 1314 2392 1364 fiscum
2436 1316 2663 1366 redactis

464 1383 669 1445 opibus,
704 1383 872 1432 exiret
904 1384 1075 1433 Italia.
1140 1384 1224 1432 Sic
1260 1386 1561 1447 quinquagies
1596 1384 1864 1433 sestertium
1897 1398 1958 1431 ex
2010 1380 2162 1430 ivitiis
2196 1380 2499 1442 amplissimis
2532 1382 2664 1430 exuta·

459 1446 640 1494 Lolliae
660 1462 919 1495 concessum
941 1455 1038 1496 est.
1104 1448 1275 1496 Etiam
1299 1448 1560 1511 Calpurnia
1579 1447 1824 1511 splendida
1833 1445 2037 1505 foemina
2066 1443 2375 1504 subvertitur,
2415 1444 2526 1506 quia
2555 1447 2664 1507 pul-

459 1509 774 1559 chritudinem
795 1512 892 1571 qius
911 1511 1218 1560 celebraverat
1244 1512 1426 1575 Goesar,
1457 1514 1587 1561 nulla
1606 1512 1843 1574 cupidine,
1862 1512 1943 1559 sed
1963 1508 2099 1568 forte
2117 1513 2223 1557 orta
2247 1459 2475 1557 mentione
2496 1507 2660 1569 illius;

461 1546 2670 1701 affluffifflffiffffifflffiffifffi‘mfflffimfflw‘ama''immi-2¹⁸¹

464 1703 845 1767 repetandam,
864 1702 1210 1766 postulantibus
1229 1655 1487 1767 Bethynis.

1381 1842 1736 1863 OO‘OOOOOOO‘O

529 1922 562 1968 2
592 1917 691 1968 Ms.
716 1933 858 1970 meus
881 1918 1058 1969 Coelius
1082 1919 1256 1992 Rufus.
1323 1919 1468 1970 Infra
1489 1926 1665 1970 tamen
1685 1920 1826 1970 Hist.
1853 1933 1892 1971 1.
1917 1923 1997 1971 77.
2019 1920 2093 1969 sic
2117 1918 2302 1968 iterum
2326 1917 2659 1983 appellatur3

1455 2033 1669 2086 NOTAE

527 2132 552 2159 ⁸
587 2126 784 2175 Cederet
826 2124 998 2187 Italia]
1052 2126 1141 2175 Sic
1180 2140 1296 2175 cum
1336 2128 1522 2189 procul

468 2197 732 2250 arceretur
752 2201 873 2250 aula
895 2208 950 2249 et
988 2201 1118 2251 urbe
1153 2201 1380 2263 foemina,
1415 2203 1523 2265 opi-

465 2277 561 2326 bus
585 2275 822 2338 ademtis,
837 2284 983 2326 certe
1005 2277 1224 2345 materia
1241 2284 1296 2328 et
1319 2277 1524 2327 occasio

466 2351 692 2400 criminis
715 2352 1133 2402 subtrahebatur.

528 2424 550 2457 f
579 2429 662 2478 Ex
680 2428 844 2492 opibus
856 2427 1122 2492 immensis]
1166 2427 1439 2479 Habuerat
1468 2429 1520 2478 in

434 2558 443 2569 ,
464 2504 676 2567 gemmis
700 2504 820 2552 solis
833 2509 950 2553 tres
972 2506 1223 2554 milliones
1245 2505 1491 2554 librarum
1506 2499 1531 2566 ς’

459 2579 600 2629 forte
623 2585 678 2627 et
706 2580 759 2628 in
783 2579 897 2627 aliis
920 2579 1105 2643 opibus
1136 2594 1240 2628 non
1273 2580 1520 2630 minorem

465 2670 668 2720 gmm3
718 2662 775 2706 et
817 2656 917 2720 ipsi
951 2657 1197 2722 relinquit
1230 2656 1522 2722 Agrippina

464 2739 701 2787 trecenta
723 2739 779 2783 et
811 2733 1136 2798 septuaginta
1155 2734 1379 2799 quinque
1412 2736 1523 2784 mil·

462 2809 534 2860 lia
553 2810 823 2873 librarum,
844 2825 935 2859 seu
958 2815 1185 2877 1.²⁵›⁰⁰⁰·
1209 2818 1497 2863 coronatos·

527 2887 645 2940 Nec
664 2888 750 2937 hic
773 2887 925 2937 stetit
955 2888 1147 2936 crimen
1180 2887 1402 2937 foeminae
1435 2888 1523 2938 do·

461 2961 724 3013 minantis.
790 2963 925 3012 Nam
946 2968 1001 3012 et
1021 2961 1190 3011 frater
1210 2963 1409 3025 Lolliae,
1442 2963 1521 3013 M.

459 3038 673 3100 Lollius,
703 3038 822 3086 ideo
844 3038 1068 3087 amicitia
1101 3038 1321 3088 Caesaris
1359 3039 1533 3100 prohi-⁴

463 3114 617 3177 bitus,
645 3113 765 3179 quia
787 3113 1031 3163 damnata
1063 3119 1203 3162 esset
1226 3113 1410 3177 Lollia,
1433 3128 1525 3177 pu·

463 3188 587 3239 dore
623 3195 679 3239 et
718 3188 798 3236 ira
840 3188 1090 3252 percitus,
1119 3190 1136 3216 ‘
1157 3187 1295 3236 intra
1335 3202 1524 3250 paucos

461 3265 576 3315 dies
596 3263 811 3314 fortuita
848 3279 914 3313 an
938 3264 1224 3314 voluntaria
1244 3271 1412 3315 morte
1434 3265 1520 3313 de·

462 3340 653 3401 cessit?
676 3347 810 3388 teste
831 3339 1050 3388 Velleio.

525 3423 552 3460 s
586 3416 846 3480 Calpurnia
887 3417 1086 3465 illustris
1109 3415 1335 3479 foemiaa]
1389 3418 1521 3469 Quae

459 3491 589 3542 infra
610 3494 646 3542 l.
664 3506 779 3543 xiv.
802 3492 1093 3541 restituitur
1114 3493 1297 3555 patriis
1316 3492 1521 3542 sedibus

460 3566 656 3631 abipso
675 3570 906 3631 Nerone,
921 3568 1009 3632 qui
1025 3575 1144 3631 post
1160 3575 1397 3618 necatam
1416 3583 1523 3618 ma-

461 3648 595 3691 trem
614 3643 915 3706 placabilior
934 3643 1107 3693 factus
1129 3651 1264 3692 erat.
1510 3630 1523 3641 ⁶

523 3715 550 3750 h
579 3717 908 3780 Pei-vertitur]
942 3719 1062 3767 Non
1096 3719 1280 3780 exitio,
1314 3717 1415 3767 sed·
1441 3722 1521 3767 ta·

460 3807 578 3842 men
598 3793 752 3842 exilio
772 3794 921 3856 pulsa
941 3801 1042 3857 est,
1072 3793 1197 3844 ficto
1220 3800 1522 3859 structaque

461 3869 564 3920 alio
599 3868 830 3930 crimine,
861 3883 928 3917 ne
970 3884 1148 3918 rursus
1194 3870 1261 3918 ad
1304 3868 1519 3919 formam

460 3944 760 3994 adverteret
794 3945 1065 4008 princeps:
1106 3959 1209 3994 non
1230 3945 1422 4007 occisa,
1464 3952 1525 3996 ut

461 4020 642 4071 Lollia.
711 4020 860 4070 Tales
892 4022 1092 4083 nuptiae
1116 4035 1215 4069 non
1239 4028 1360 4070 sunt
1389 4021 1520 4070 invi·

459 4110 574 4147 cem
601 4096 872 4163 appetitae,
905 4096 1005 4145 nisi
1026 4096 1217 4144 mutuis
1239 4096 1420 4159 elogiis
1442 4096 1518 4144 in-

456 4180 540 4223 ter
559 4170 814 4239 staminas,
847 4187 1060 4237 quorum
1090 4173 1335 4223 memoria
1355 4175 1517 4224 altum
1549 4195 1558 4198 >

453 4250 622 4304 haeret
643 4247 1016 4303 dominantium
1039 4249 1236 4300 animis.

1659 2126 1679 2168 «l
1719 2128 1853 2177 Unde
1892 2129 1967 2178 vie
1996 2128 2279 2191 Agrippina·
2328 2127 2453 2176 eitra
2494 2126 2665 2175 ultima

1598 2203 1760 2267 stetit]
1790 2204 1884 2253 Vis
1907 2204 2213 2268 Agrippinae
2255 2203 2396 2252 intra
2436 2208 2692 2251 mortem·

1599 2278 1779 2329 stetit.
1828 2294 1929 2328 non
1974 2280 2108 2328 adeo
2150 2278 2385 2328 incendit
2426 2292 2560 2339 eam,
2601 2284 2661 2349 ut

1599 2356 1771 2420 puniri
1792 2355 1964 2418 capite
1986 2355 2168 2404 vellet:
2205 2354 2326 2418 quia
2357 2353 2664 2403 laudaverat

1600 2433 1843 2497 princeps
1875 2431 2110 2496 fortuito,
2148 2430 2390 2495 nullaque
2430 2423 2663 2479 libidine.

1600 2509 1844 2559 Fert-etus.

1667 2586 1806 2634 Citra
1821 2586 2010 2649 ultima]
2060 2584 2125 2634 Id
2147 2590 2245 2647 est,
2278 2584 2412 2634 citra
2426 2586 2670 2647 mortem,

1602 2659 1739 2710 forte
1764 2663 1871 2711 solo
1894 2661 2047 2710 exilio
2068 2663 2346 2721 contenta3
2384 2666 2439 2709 at
2459 2659 2513 2708 in
2544 2658 2665 2707 Lol-

1601 2736 1721 2785 liam
1741 2738 1925 2796 srcviit,
1946 2744 2002 2787 et
2026 2737 2091 2785 ad
2116 2737 2315 2798 ultima,
2334 2751 2422 2786 seu
2443 2733 2509 2785 ad
2530 2748 2666 2784 mor-

1603 2817 1708 2861 tem
1731 2812 1927 2875 adegit,
1962 2811 2125 2861 inscio
2160 2818 2216 2861 et
2248 2812 2395 2861 irriso
2427 2810 2667 2875 Claudio,

1604 2888 1692 2953 qui
1717 2888 1873 2937 aliter
1889 2894 2165 2938 statuerat.
2233 2888 2372 2938 Hinc
2390 2888 2589 2938 Seneca
2609 2888 2666 2937 in

1603 2967 1778 3015 Ludo:
1811 2967 1827 2995 ⁴
1850 2967 1942 3016 Dii
1977 2966 2075 3015 tibi
2106 2967 2240 3014 male
2271 2964 2493 3014 faciant:
2531 2963 2663 3013 adeo

1601 3040 1739 3090 istud
1762 3041 1964 3104 turpius
1992 3047 2089 3102 est,
2121 3040 2257 3105 quod
2293 3040 2477 3104 nescis,
2510 3052 2665 3104 quam

1604 3115 1743 3180 quod
1775 3115 2010 3166 occidisti
2028 3117 2061 3177 3²
2092 3123 2148 3165 et
2182 3115 2277 3178 sic,
2312 3129 2380 3164 ne
2415 3114 2467 3164 in
2503 3114 2666 3164 oculi·

1604 3192 1830 3243 civitatis
1861 3191 2261 3241 interficeretur.
2326 3192 2403 3240 Ut
2438 3182 2514 3239 sic
2535 3188 2665 3239 invi·

1602 3268 1740 3318 diam
1774 3267 2033 3331 publicam
2070 3264 2326 3329 effugeret
2357 3264 2670 3329 Agrippina,

1602 3353 1908 3408 ceterasque
1942 3354 2068 3407 opes
2101 3342 2242 3391 exuli
2274 3340 2485 3389 relictas
2520 3340 2664 3388 iuva·

1600 3420 1771 3469 deret.

1668 3493 1693 3528 ¹¹
1721 3496 1784 3544 In
1803 3494 2003 3545 lollium
2025 3493 2240 3542 mittitur
2264 3490 2519 3554 Munus]
2569 3489 2659 3541 Sic

1600 3571 1702 3621 Dio
1723 3573 1759 3620 l.
1784 3584 1875 3621 nx.
1899 3570 1965 3620 ad
1990 3564 2109 3619 acta
2129 3568 2250 3617 anui
2273 3571 2389 3617 800.
2453 3567 2469 3594 ‘
2490 3565 2666 3615 AEmus

1599 3644 1795 3696 latione
1830 3647 2071 3711 impulsa,
2104 3645 2371 3694 nonnullas
2411 3643 2569 3692 etism
2603 3643 2663 3690 il·

1600 3723 1792 3772 lustres
1812 3720 2044 3769 foeminas
2067 3725 2234 3769 morte
2268 3716 2463 3778 affecit,
2496 3723 2551 3766 et
2583 3717 2663 3764 in-

1602 3802 1687 3846 ter
1706 3810 1793 3845 eas
1812 3794 2025 3844 Lolliam
2050 3793 2337 3855 Paulinam,
2356 3791 2495 3857 quod
2515 3805 2663 3854 spem

1602 3887 1667 3922 ea
1689 3871 1983 3936 nuptiarum
2007 3869 2210 3921 Claudii
2249 3868 2473 3934 aliquam
2500 3867 2663 3916 habu·

1601 3949 1744 3999 isset.
1810 3947 1984 4011 Hujus
2024 3946 2207 3995 occisae
2252 3950 2412 4008 eaput
2450 3944 2676 3992 allatum’

1581 4025 1721 4089 ·sibi,
1753 4039 1870 4074 cnm
1902 4038 2003 4072 non
2026 4027 2352 4086 agnosceret,
2382 4028 2476 4069 sua
2501 4031 2661 4068 manu

1599 4117 1655 4151 os
1676 4101 1784 4165 ejus
1808 4098 2032 4162 aperuit,
2067 4096 2354 4162 dentesque
2391 4095 2659 4161 peculiare

1599 4178 1861 4245 quidpiam
1880 4176 2131 4226 habentes
2153 4175 2416 4239 inspexit?

1663 4253 1680 4286 ¹
1706 4256 1751 4307 A
1773 4268 1867 4318 quo
1892 4254 1957 4305 ad
1986 4255 2184 4303 mmm
2215 4248 2512 4314 adigerenr]
2555 4247 2658 4300 Qui
