3100 4925
461 404 635 477 1238

1178 424 1246 471 Ο.
1290 422 1485 471 conl«
1496 421 1651 468 Bm!
1696 420 1953 471 ‘wiern

2336 426 2428 491 [Α.
2450 428 2522 481 15.
2542 433 2662 482 8⁰4.

458 569 714 635 toribus
742 566 1019 631 traditus
1059 570 1182 644 est,
1226 583 1399 630 nono
1439 569 1600 648 post
1642 561 1871 644 anno,¹²
1911 582 2112 649 quam
2136 564 2383 632 bellum
2410 571 2480 633 in
2510 570 2661 636 Bri-

458 750 564 799 duoe
585 748 763 811 regim
798 747 1112 813 Brigantum,
1139 749 1194 798 in
1210 747 1395 798 vincula
1414 748 1667 811 emerius,
1686 753 1735 797 et
1754 747 2011 799 viatoribus
2038 749 2227 799 deditas
2263 754 2355 812 est,
2370 765 2487 799 mo
2519 765 2658 816 aaa,

1445 910 1665 962 NOTAE

458 1004 586 1058 tuo!
650 1005 808 1070 Puto,
828 1003 984 1056 fuisse
1014 1006 1201 1057 fratres
1230 1006 1388 1072 ipsius
1421 1009 1517 1058 Ca-

456 1083 670 1135 ractaei.

521 1158 548 1193 ¹²
580 1160 716 1209 Nono
732 1159 1001 1223 postam]
1033 1159 1198 1225 Atqui
1213 1160 1404 1211 bellum
1418 1177 1518 1212 οω-

456 1235 538 1300 pit
577 1235 794 1286 Claudio
834 1237 1061 1299 tertium,
1101 1237 1163 1286 L.
1183 1237 1399 1288 Vitellio
1437 1254 1516 1288 se-

456 1311 681 1362 cundum
702 1312 847 1361 Coss.
872 1317 930 1362 ut
960 1312 1063 1361 Dio
1096 1313 1234 1363 clare
1268 1313 1515 1364 tradidit:

456 1401 554 1437 nec
577 1387 699 1436 inde
722 1387 786 1436 ad
811 1387 946 1439 hunc
969 1388 1104 1437 diem
1134 1390 1404 1454 plusquam
1429 1403 1517 1439 an·

455 1476 549 1513 nos
575 1458 775 1526 septizm
805 1465 1175 1528 numeraveris,
1202 1470 1264 1516 ut
1286 1465 1514 1531 suspicio

376 1538 382 1542 ’
446 1538 570 1600 jure
594 1538 868 1589 numeralis
890 1540 1065 1589 mendi
1090 1542 1176 1592 sit.

519 1611 763 1677 Pugnant
800 1616 960 1664 etiam
990 1616 1107 1665 haec
1146 1628 1263 1665 cnm
1296 1614 1376 1678 iis,
1398 1629 1511 1681 quae

452 1689 611 1738 tertio
655 1690 854 1739 Hister.
893 1689 1216 1740 scribuntur:
1284 1692 1301 1719 ‘
1326 1692 1519 1742 Cattis·

452 1763 714 1825 mandua,'
743 1764 928 1830 inquit,
950 1766 966 1793 ‘
987 1766 1318 1828 Brigantibus
1353 1767 1513 1830 impe-

451 1838 666 1902 ritabat,
706 1841 906 1904 pollens
940 1841 1246 1891 nobilitate:
1284 1848 1337 1891 et
1359 1857 1512 1891 auxe-

453 1921 536 1967 rat
575 1918 884 1981 potentiam,
917 1923 1186 1983 postquam
1224 1924 1377 1982 capto
1409 1934 1513 1981 per

454 1984 629 2042 dolum
680 2006 802 2054 rege
858 1992 1167 2055 Caractaco‚
1209 1994 1511 2043 instruxisse

453 2065 765 2129 triumphum
808 2066 1010 2115 Claudii
1047 2066 1267 2117 Caesaris
1303 2068 1511 2117 Videba-

452 2140 575 2191 tur!

517 2218 652 2267 Nam
675 2217 962 2281 triumphus
986 2218 1183 2267 Claudii
1204 2218 1510 2284 aliquot-an·

449 2295 528 2344 nis
550 2294 775 2352 anterior
794 2310 808 2343 ε
844 2308 942 2345 nec
965 2294 1018 2343 in
1048 2309 1110 2344 eo
1128 2294 1302 2344 hercle
1324 2295 1509 2345 ductus

450 2369 549 2419 iste
573 2371 919 2420 Caractacns:
955 2375 1015 2419 ut
1033 2370 1158 2419 nihil
1191 2370 1296 2420 dici
1327 2373 1512 2436 possit,

449 2445 569 2510 quin
602 2444 846 2495 Tacitum
878 2444 946 2494 in*
960 2445 1182 2496 historiis
1207 2451 1298 2497 aut
1318 2462 1509 2497 memo-

448 2524 527 2571 ria
579 2519 846 2581 fefellerit,
888 2528 982 2570 aut
1022 2522 1325 2584 provexerit
1368 2524 1513 2573 calor

451 2598 659 2664 quidam
678 2596 986 2660 scriptionis.
1049 2597 1259 2660 Lipsius.

515 2673 655 2722 Nono
680 2679 789 2736 post
808 2671 953 2734 anno]
1002 2671 1132 2723 Qua
1165 2673 1387 2726 Tacitus
1422 2673 1510 2725 hic

451 2750 663 2800 Ostorio
684 2747 890 2807 tribuit,
922 2749 1035 2800 baec
1066 2749 1174 2800 Dio
1212 2750 1427 2800 Plautio
1458 2766 1511 2800 a·

449 2824 681 2876 scribere
702 2824 926 2875 videtur.
974 2824 1282 2889 Triumphus
1304 2827 1371 2875 (le
1394 2827 1514 2876 Bri·

450 2901 639 2964 tannis,
679 2900 891 2950 vivente
922 2899 1242 2965 Messallina,
1296 2903 1511 2953 Claudio

449 2974 754 3039 deportatus
770 2975 988 3025 testibus
1001 2976 1212 3028 Suetou.
1235 2985 1291 3027 et
1313 2978 1510 3039 Dione3

448 3056 507 3100 et
545 3050 629 3099 hic
679 3051 907 3113 Tacitus,
958 3065 1126 3115 neque
1168 3052 1510 3116 triumphasse

449 3123 721 3175 Claudium
756 3126 905 3189 dicit,
936 3126 1028 3175 sed
1057 3133 1258 3177 tantum
1296 3128 1510 3179 decreta

447 3200 472 3228 ι
486 3199 703 3250 Ostorio
725 3200 972 3265 triumphi
1001 3201 1251 3266 insignia?

512 3274 672 3326 Certe
707 3274 841 3326 infra
859 3277 977 3328 bist.
999 3291 1075 3328 lv.
1098 3279 1291 3330 dicitur
1311 3281 1508 3332 Cattis·

444 3350 671 3404 nandua
702 3351 719 3380 ‘
742 3358 897 3416 capto
927 3368 1024 3417 per
1054 3355 1226 3405 dolum
1261 3371 1384 3422 rege
1407 3359 1503 3409 Ca·

444 3432 655 3478 ractaco
675 3426 981 3480 instruxisse
1002 3430 1318 3496 triumphum
1347 3435 1503 3485 Clau·

444 3501 518 3551 dii
539 3502 796 3553 Cesar-is?

504 3574 615 3627 Sed
645 3578 748 3627 isto
778 3578 897 3629 loco
929 3579 1112 3632 histor.
1133 3589 1286 3632 vocat
1312 3583 1502 3648 impro-

442 3650 560 3715 prie
577 3651 887 3716 triumphum
906 3654 1123 3706 Claudii.
1168 3657 1302 3706 Nam
1320 3664 1503 3709 revera

442 3737 550 3778 101
570 3726 915 3790 triumphatus
949 3735 1028 3777 est
1054 3730 1387 3793 Caractacus,
1409 3735 1503 3783 sed

443 3805 619 3850 tamen
658 3801 932 3864 captivitas
964 3804 1118 3867 regis,
1148 3805 1394 3870 triumphi
1427 3810 1501 3858 in·

440 3878 570 3936 star,
576 3872 688 3924 fere
702 3879 982 3937 ostentata,
992 3883 1046 3924 et
1067 3876 1355 3944 Agrippina
1366 3882 1503 3933 baud

440 3951 624 4014 procul
641 3950 740 3999 alio
755 3957 1000 4015 suggestu
1017 3955 1314 4021 conspicua,
1328 3973 1504 4024 quem-

325 4065 333 4076 ,
439 4023 713 4078 admodum
737 4026 1035 4076 Messallina
1066 4030 1330 4095 Carpento
1352 4042 1503 4089 vecta

441 4105 556 4149 erat
574 4101 628 4150 in
649 4115 773 4151 vero
789 4102 1064 4168 triumpho,
1082 4121 1234 4171 quem
1253 4108 1501 4163 Claudius

440 4181 623 4241 egen-st
661 4185 786 4230 ante
818 4178 887 4230 de
923 4182 1212 4249 Britannia,
1249 4194 1306 4236 et
1343 4202 1499 4253 quem

438 4251 578 4303 head
611 4252 768 4306 dabie
802 4256 1115 4321 amplissime
1152 4260 1496 4340 descripserat

1596 1008 1806 1057 Tacitus
1824 1007 1966 1057 libris
1991 1007 2077 1073 qui
2100 1007 2318 1070 periere.

1661 1082 1747 1132 Sic
1769 1083 1873 1132 Dio
1893 1085 1930 1133 l.
1948 1096 2034 1132 Lx.
2099 1082 2329 1132 Primum
2348 1083 2490 1132 illum
2509 1082 2657 1134 Clau-

1597 1157 1672 1206 dii
1712 1159 2026 1222 triumphum
2066 1158 2348 1209 describit:
2395 1161 2411 1188 ‘
2439 1159 2561 1223 Ipse
2588 1161 2658 1210 ab

1597 1233 1743 1283 Urbe
1786 1233 1990 1285 Ostiam
2028 1233 2275 1283 devectus
2313 1241 2396 1284 est
2431 1236 2656 1299 navigio,

1594 1310 1717 1362 inde
1751 1312 2037 1363 Massiliam
2073 1311 2272 1376 reliquo
2305 1311 2509 1374 itinere,
2539 1327 2657 1376 par-

1594 1388 1687 1437 tim
1709 1394 1865 1450 terra,
1888 1388 2077 1450 partim
2101 1400 2195 1451 per
2217 1402 2389 1436 amnes
2409 1386 2572 1450 facto,
2588 1388 2656 1437 ad

1595 1464 1859 1514 Oceanum
1876 1465 2036 1528 venit,
2051 1464 2460 1528 transmittitque
2473 1465 2527 1513 in
2539 1465 2657 1514 Bri-

1590 1540 1841 1604 tanniam,
1863 1546 1918 1589 et
1941 1538 2007 1588 ad
2029 1539 2207 1603 copias
2230 1553 2345 1605 quae
2382 1539 2446 1587 ad
2478 1539 2660 1589 Tame·

1589 1615 1684 1664 sim
1722 1615 2094 1679 expectabant,
2133 1614 2384 1678 perrexit.
2452 1615 2653 1667 Quibus

1588 1689 1655 1739 ad
1689 1705 1745 1739 se
1781 1690 2029 1754 receptiS,
2054 1680 2404 1753 transgressus
2425 1688 2656 1754 fiuvium,

1593 1781 1710 1816 cum
1733 1765 1984 1825 barbaris,
2005 1765 2093 1830 qui
2129 1764 2193 1813 ad
2228 1765 2340 1828 ejus
2372 1764 2654 1815 adventum

1593 1848 1964 1905 convenerant,
1998 1839 2156 1904 signis
2191 1841 2417 1902 collatis,
2447 1840 2659 1891 dimica-

1592 1918 1688 1980 vit,
1728 1918 2048 1981 victoriaque
2079 1916 2276 1979 potitus
2315 1922 2426 1976 est3
2462 1924 2518 1966 et
2556 1918 2659 1967 Ca·

1593 1991 1923 2042 malodunum
1941 1992 2263 2055 Cynobellini
2282 1994 2477 2056 regiam
2494 1993 2660 2058 cepit,

1591 2068 1883 2131 multosque
1906 2065 2027 2115 inde
2048 2067 2097 2114 vi
2120 2082 2181 2115 ac
2204 2067 2470 2116 deditione
2493 2068 2546 2117 in
2564 2082 2658 2133 po·

1591 2148 1835 2191 testatem
1859 2157 1999 2192 suam
2019 2142 2243 2206 accepit.
2310 2143 2396 2193 Ob
2427 2143 2540 2193 haec
2564 2145 2657 2198 ali,-

1592 2220 1795 2284 quoties
1827 2220 2109 2284 imperator
2143 2219 2315 2268 dictus
2349 2227 2433 2270 est
2470 2227 2656 2273 contra

1591 2295 1884 2345 institutum
1910 2295 2075 2345 Rom!
2093 2297 2191 2345 ὅτε.

1656 2371 1779 2434 Ipse
1802 2372 2016 2420 Romam
2036 2370 2326 2433 contendit,
2348 2371 2549 2434 generis
2573 2386 2654 2420 su·

1589 2446 1650 2510 is,
1672 2447 1921 2510 Pompeio
1942 2452 1997 2496 et
2012 2446 2206 2508 Silano,
2226 2462 2340 2495 cum
2359 2447 2538 2497 nuntio
2554 2447 2657 2498 vic·
2694 2497 2697 2502 ,

1591 2522 1739 2570 toriae
1759 2521 2059 2585 praemissis.
2115 2519 2349 2584 Senatus,
2366 2522 2520 2571 rebus
2542 2535 2657 2586 ge·-

1590 2598 1657 2646 tis
1679 2596 1900 2660 cognitis
1923 2596 2232 2660 Britannici,
2258 2604 2653 2660 cognomentum

1591 2671 1658 2736 ei,
1678 2672 2014 2735 triumphum,
2046 2670 2197 2721 ludos
2230 2687 2444 2734 annuos,
2474 2686 2653 2722 arcum

1591 2739 1827 2812 trophaea
1848 2746 2124 2809 ferentem,
2141 2747 2194 2796 in
2212 2746 2378 2809 Urbe,
2392 2748 2653 2812 aliumque

1589 2825 1644 2873 iu
1662 2824 1850 2887 Gallia,
1861 2824 1999 2872 unde
2018 2824 2072 2872 in
2095 2823 2411 2872 Britanniam
2431 2824 2653 2887 trajece-

1590 2908 1708 2962 τοῖς
1746 2899 1852 2950 filio
1892 2900 2031 2966 idem
2069 2913 2373 2963 cognomen,
2409 2905 2470 2949 ut
2507 2899 2656 2964 quasi
2759 2904 2770 2914 ‘

1591 2978 1802 3040 proprio
1822 2991 1913 3026 suo
1935 2976 2142 3025 nomine
2163 2975 2489 3025 Britannicus
2510 2976 2653 3026 dice-

1589 3058 1769 3111 retur3
1815 3052 2133 3101 Messallinae
2172 3052 2393 3114 primum
2436 3052 2490 3100 in
2534 3065 2654 3101 con-

1551 3140 1556 3144 ·
1589 3142 1733 3177 sessu
1764 3128 1950 3189 locum,
1982 3133 2043 3176 ut
2076 3127 2235 3176 Livias
2269 3128 2545 3191 quondam,
2570 3134 2657 3177 ut·

1589 3218 1693 3269 que
1745 3205 2011 3267 carpento
2063 3204 2359 3267 veheretur,
2406 3204 2657 3254 decreve-

1587 3279 1741 3342 runt,’
1759 3283 1860 3330 &c-

1648 3360 1664 3387 ‘
1692 3359 1935 3408 Ceterum
1974 3357 2259 3407 Britanniae
2293 3361 2441 3420 parte
2477 3356 2649 3421 aliqua

1581 3434 1818 3497 subacta,
1839 3436 2055 3484 Romam
2088 3433 2249 3483 rediit
2286 3433 2552 3493 Claudius,
2585 3434 2647 3483 C.

1583 3511 1766 3575 Crispo
1788 3525 1851 3561 ιι.
1873 3512 1929 3561 Τ.
1951 3510 2159 3560 Statilio
2185 3508 2515 3569 Consulibus,
2533 3522 2654 3557 sex-

1583 3593 1638 3635 to
1660 3601 1810 3651 qnam
1832 3587 2136 3636 discesserat
2158 3600 2354 3646 mense,
2376 3585 2645 3636 sexdecim

1582 3668 1783 3712 tantum
1827 3662 2011 3711 diebus
2054 3662 2108 3710 in
2163 3661 2436 3711 Britannia
2480 3663 2643 3722 actis3
2719 3702 2725 3708 .

1584 3736 2046 3800 triumphavitque‚
2067 3751 2182 3786 cum
2207 3737 2399 3800 reliqua
2422 3750 2516 3799 pro
2541 3749 2648 3787 nio·

1585 3826 1644 3860 re
1665 3825 1840 3875 agens,
1864 3818 1969 3860 tum
1992 3824 2088 3874 per
2102 3810 2294 3875 gradus
2314 3811 2365 3858 in
2385 3810 2648 3873 Capitolio

1584 3888 1799 3950 genibus
1855 3887 2155 3951 ascendens,
2195 3887 2487 3936 levantibus
2526 3899 2647 3937 eum

1583 3964 1841 4028 utrimque
1863 3964 2083 4028 generis.
2124 3963 2329 4013 Tribuit
2351 3969 2523 4014 autem
2542 3977 2647 4015 non

1582 4039 1937 4089 consularibus
1959 4040 2130 4101 modo,
2151 4038 2239 4101 qui
2274 4039 2325 4086 in
2362 4054 2424 4087 ea
2458 4039 2646 4090 militia

1582 4112 1863 4176 affuissent,
1898 4114 1991 4164 sed
2013 4121 2069 4164 et
2090 4114 2417 4163 senatoribus
2439 4125 2649 4181 quoque

1579 4191 1695 4240 aliis
1718 4190 2053 4254 triumphalia
2074 4190 2326 4254 insignia:
2347 4194 2446 4240 arc.

1640 4264 1731 4316 Sic
1749 4265 1907 4316 etiam
1926 4266 2074 4317 Suet.
2098 4266 2283 4317 Claud.
2307 4270 2388 4317 17.
2423 4267 2441 4297 ⁴
2465 4267 2649 4319 Quare
