3100 4925
519 383 691 448 1510

1231 402 1293 448 C·
1339 400 1533 448 conN
1547 400 1702 447 Bul
1751 399 2002 449 'uem

2394 409 2489 473 [Α.
2513 411 2580 460 U.
2598 405 2722 463 elo.

516 560 700 605 oram
728 539 891 605 Cam
897 540 1147 625 panion*
1175 539 1483 605 libertum
1512 542 1757 624 releget
1775 543 1832 605 ‘t‘
1917 540 2187 610 Ceteras
2232 547 2541 613 actiones.
2561 568 2720 632 pro-

512 699 643 764 ginti
677 698 916 749 milliaria
952 704 1007 748 et
1045 698 1099 748 in
1122 699 1386 762 regionem
1405 697 1743 764 Campaniae?
1777 704 1952 749 cetera
1977 700 2101 764 jura
2143 702 2451 766 communia,
2472 710 2527 754 et
2567 706 2719 769 paria

1511 861 1723 914 NOTAE

507 968 697 1018 stadia:
738 981 802 1016 ea
854 973 1030 1017 essent
1083 967 1309 1017 minian-ia
1355 968 1570 1018 circiter
1651 975 2001 1032 rumperetur.

508 1057 821 1105 mxvm.;
854 1043 951 1092 uisi
989 1042 1042 1091 in
1066 1044 1236 1092 Dione
1282 1044 1568 1093 rescriben-

505 1122 628 1171 dum
651 1120 741 1182 sit,
763 1118 1070 1177 ἑπτακοσίων,
1093 1119 1230 1182 qnod
1253 1125 1399 1182 puto.

569 1196 705 1245 Sane
741 1194 806 1243 ad
842 1194 1006 1244 Praef.
1046 1193 1202 1243 Urbis
1241 1194 1569 1257 pertinuisse,

504 1272 683 1321 audire
704 1278 950 1335 patronos
968 1277 1245 1334 querentes
1260 1270 1325 1319 de
1342 1270 1568 1329 libertis,

503 1366 570 1398 ex
586 1349 810 1411 Ulpiano
829 1348 1022 1397 clarum
1043 1348 1077 1396 1.
1091 1361 1130 1396 ι.
1146 1346 1211 1396 de
1230 1345 1384 1396 Offic.
1403 1347 1565 1400 Praef.

502 1424 679 1474 Urbis.

563 1501 665 1549 Sed
689 1498 906 1550 Tacitus
930 1504 1148 1561 patrono
1186 1498 1284 1561 ipsi
1312 1498 1446 1547 hanc
1483 1514 1562 1548 re·

499 1575 832 1639 legationem,
854 1580 911 1622 ut
947 1580 1190 1636 apparet,
1211 1575 1424 1624 tribuit:
1460 1590 1560 1626 nec

500 1658 674 1702 tamen
695 1648 904 1698 videtur
924 1649 1159 1711 usurpari
1184 1649 1432 1713 potuisse,
1445 1652 1558 1702 siue

495 1727 807 1777 auctoritate
828 1724 1026 1788 majori.
1060 1725 1265 1787 Lipsius.

459 1839 476 1846 -
560 1806 714 1858 Quod
739 1803 952 1868 propria
972 1802 1287 1852 auctoritate
1310 1811 1556 1866 poterant

495 1883 723 1949 patroni,
739 1882 864 1945 quia
885 1880 1001 1928 illos
1036 1880 1086 1926 in
1114 1893 1206 1928 sua
1237 1880 1334 1943 ipsi
1357 1880 1556 1942 praedia

448 1995 452 1999 -
490 1958 802 2016 mittebant3
838 1962 930 2005 aut
951 1955 1247 2016 amicorum,
1267 1955 1451 2018 quibus
1462 1956 1552 2019 jus

491 2050 638 2086 suum
660 2032 869 2097 patroni
893 2030 1152 2080 cedebant
1184 2030 1237 2077 in
1259 2031 1554 2092 pervicacia

489 2111 698 2176 ingenia
718 2110 842 2157 illa:
878 2107 965 2172 qui
997 2122 1107 2155 mos
1130 2105 1271 2156 forte
1302 2113 1448 2156 ortus
1482 2109 1549 2158 ab

487 2202 550 2237 eo
590 2193 825 2249 tempore
859 2196 960 2247 quo
990 2181 1216 2231 nondum
1258 2182 1409 2231 luxus
1457 2191 1550 2234 aut

489 2276 616 2325 opes
656 2261 707 2309 in
763 2259 944 2308 urbem
983 2256 1206 2306 invecta
1249 2263 1417 2320 erant,
1450 2273 1546 2309 nec

486 2339 656 2390 adhuc
699 2344 885 2387 amotae
925 2336 1110 2399 procul
1152 2334 1205 2384 in
1248 2336 1551 2401 longinquas

485 2414 778 2481 provincias
798 2411 936 2462 villoe
960 2410 1371 2474 possidebantur.
1430 2415 1549 2463 Nee

484 2507 546 2543 ea
566 2490 741 2540 Taciti
765 2488 982 2551 proecise
1002 2486 1281 2549 capienda3
1313 2502 1479 2551 neque
1495 2490 1550 2537 in

487 2564 800 2629 Campaniam
823 2562 1007 2622 solum,
1034 2560 1125 2609 sed
1160 2568 1213 2609 et
1236 2562 1437 2624 longius
1460 2578 1548 2613 eos

482 2656 579 2706 pro
617 2644 744 2688 natu
778 2651 871 2687 suo
909 2649 1146 2686 amovere
1179 2637 1351 2699 potuit
1373 2646 1546 2700 patro·

480 2732 595 2768 nus.

545 2791 571 2825 ‘¹
603 2793 665 2842 In
699 2805 831 2839 oram
859 2787 1158 2852 Campaniae]
1192 2787 1330 2839 Quid
1370 2788 1544 2853 audio,

476 2871 529 2919 in
549 2884 684 2919 oram
706 2867 982 2931 Campania
1004 2867 1259 2929 relegatos
1279 2866 1413 2914 male
1434 2879 1542 2915 me-

475 2944 606 2999 ritos
628 2945 843 2996 libertos
865 2943 1077 2991 omnes?
1109 2942 1214 2990 Vix
1236 2949 1320 2990 est
1354 2948 1540 2991 utere-

476 3020 615 3084 dam,
660 3021 821 3070 solam
871 3018 1006 3066 hauc
1051 3031 1194 3065 oram
1239 3016 1536 3080 Campaniae

476 3098 737 3149 delectam
754 3094 911 3144 fuisse
929 3094 1049 3155 lege,
1064 3092 1171 3140 sive
1187 3092 1422 3154 principis
1430 3108 1535 3141 eon-

468 3172 737 3234 stitutiaeme,
758 3170 810 3220 in
834 3184 987 3234 quam
1009 3182 1186 3218 omnes
1205 3169 1337 3217 male
1361 3170 1535 3220 meriti

467 3249 646 3301 liberti
689 3264 720 3297 a
759 3244 992 3312 patronis
1034 3246 1422 3306 relegarentur:
1477 3250 1535 3294 et

471 3340 655 3391 parum
696 3323 944 3388 prudens,
989 3327 1048 3371 ut
1091 3326 1269 3371 cetera
1309 3320 1533 3383 mittam,

470 3408 628 3466 atque
648 3402 873 3451 intutum
897 3398 1280 3459 consilium‚tot
1299 3397 1532 3461 perditos

466 3479 718 3540 liomiues,
736 3475 874 3543 quod
912 3489 1036 3524 sane
1069 3488 1238 3522 mores
1260 3487 1437 3523 eorum
1454 3487 1531 3521 ar-

435 3596 442 3605 .
467 3554 717 3618 guebaut,
734 3550 917 3602 eodem
939 3549 1233 3600 convenire.

487 3632 492 3635 ⁴
531 3630 706 3694 Adde,
718 3629 855 3694 quod
875 3642 1028 3691 poena
1048 3625 1133 3676 vix
1158 3639 1310 3688 poena
1327 3624 1530 3688 fuisset,

467 3720 588 3755 cum
611 3705 897 3767 Campania
935 3710 1134 3752 tractus
1173 3698 1332 3750 fuerit
1369 3700 1529 3750 totius

466 3787 622 3830 terrae
644 3779 810 3829 Italiae
827 3778 1199 3828 amoeuissimus
1218 3785 1375 3841 atque
1394 3775 1529 3826 fera-

463 3857 718 3907 cissimus.

527 3934 728 3982 Contra
749 3930 925 4017 potius
948 3928 1287 3978 interdictum
1310 3935 1440 3993 puto
1466 3930 1527 3979 li-

462 4008 643 4071 bertis,
693 4007 782 4071 qui
823 4007 953 4055 ultra
999 4004 1268 4053 vicesimum
1320 4004 1524 4067 lapidem

361 4128 368 4135 .
458 4083 842 4147 relegabuntur,
896 4080 995 4130 hoc
1051 4085 1225 4129 tractu
1278 4086 1334 4129 et
1374 4094 1520 4144 agro.

457 4161 653 4209 Verum
686 4158 912 4221 insolens
948 4155 1197 4222 loquendi
1232 4171 1411 4221 genus,
1441 4156 1521 4206 καὶ

457 4233 712 4286 &advorto-0
748 4234 894 4299 fecit,
916 4239 976 4283 ut
1011 4232 1187 4286 Taciti
1221 4233 1367 4285 locus
1406 4249 1519 4285 cor-

1717 1044 1995 1095 Rescribo:
2033 1044 2166 1099 Quia
2183 1044 2309 1094 enim
2327 1046 2461 1095 aliud
2485 1047 2592 1095 laeso
2621 1062 2714 1111 pa-

1647 1124 1782 1168 trono
1833 1134 2116 1183 cateruam,
2155 1135 2296 1183 qm
2342 1126 2401 1169 ut
2446 1122 2714 1172 viem

1645 1196 1775 1244 altra
1812 1194 2032 1258 lapidem,
2053 1210 2231 1244 moram
2255 1195 2544 1259 Campaniae,
2565 1196 2707 1246 liber·

1645 1272 1746 1318 tum
1766 1271 1941 1331 releget
1957 1265 1983 1319 ἲ
2013 1270 2144 1318 Vult
2161 1269 2402 1318 libertum
2422 1271 2558 1319 ultra
2573 1271 2712 1320 viee-

1645 1346 1827 1395 simum
1848 1346 2072 1409 lapidem
2094 1346 2332 1409 relegari,
2349 1357 2445 1395 nec
2465 1352 2634 1398 tamen
2652 1348 2709 1396 in

1645 1422 1927 1486 Campania
1948 1422 2158 1472 morari.
2195 1423 2398 1473 Petitur.

1708 1500 1903 1564 Nugae!
1939 1499 2269 1549 Levissimum
2292 1513 2518 1562 poenam,
2539 1505 2594 1549 et
2616 1499 2707 1550 be-

1640 1582 1840 1624 atorum
1871 1581 2205 1638 patronorum
2237 1576 2290 1623 in
2325 1589 2446 1625 suos
2483 1576 2703 1626 libertos

1637 1657 1889 1701 memorat
1910 1650 2153 1711 Tacitus;
2188 1650 2279 1699 sed
2301 1649 2429 1699 alias
2452 1651 2705 1716 duriores,

1638 1733 1695 1776 et
1716 1728 1872 1790 vulgo
1895 1727 2184 1776 notissimas
2208 1725 2328 1775 ideo
2362 1741 2464 1775 non
2489 1728 2702 1791 excipit.

1635 1803 1707 1851 Et
1728 1802 1868 1851 baud
1891 1802 2049 1851 dubie
2071 1807 2352 1864 potnerunt
2386 1801 2557 1850 liberti
2592 1802 2704 1851 lon·

1635 1878 1841 1941 gius,et
1878 1879 1930 1927 in
1967 1878 2093 1927 alias
2130 1891 2248 1926 oras
2286 1876 2555 1926 atrocioris
2581 1878 2703 1927 coeli

1633 1956 1872 2019 relegari,
1906 1961 2065 2018 prout
2090 1954 2292 2017 patroni
2316 1951 2546 2003 habuere
2568 1968 2703 2017 pre·

1634 2030 1737 2081 dia.

1697 2107 1827 2159 Quis
1868 2112 2173 2167 servus,aut
2193 2105 2303 2156 fere
2335 2121 2519 2157 servus
2549 2106 2700 2156 resis-

1632 2189 1710 2233 tat
1734 2183 1919 2233 talibus
1942 2182 2183 2244 dominis,
2202 2182 2405 2246 quibus
2442 2181 2699 2247 parebant

1629 2259 1908 2324 proviuciae
1946 2273 2062 2308 cum
2109 2265 2222 2307 toto
2261 2259 2425 2307 orbe?
2457 2264 2514 2308 et
2546 2265 2695 2308 certe

1630 2336 1863 2398 patronis
1902 2335 1955 2383 in
1993 2348 2172 2384 servos
2205 2333 2454 2384 favebant
2491 2348 2695 2399 semper

1630 2411 1811 2476 optimi
1836 2411 2112 2476 principes.

1692 2489 1755 2536 Ia
1770 2504 1899 2536 oram
1916 2486 2215 2552 Campanioe]
2249 2487 2401 2535 Oram
2420 2487 2692 2550 cmpaniae

1628 2564 1749 2612 novi
1793 2578 1860 2613 ex
1906 2563 1940 2614 l.
1979 2576 2066 2611 111.
2105 2561 2348 2612 Histor.‘
2371 2563 2491 2614 Jam
2531 2562 2695 2613 Mise-

1626 2655 1840 2690 nensem
1890 2641 2126 2702 classem,
2169 2649 2226 2690 et
2297 2642 2692 2705 pulcherrimam

1627 2715 1922 2778 Campania!
1967 2730 2108 2764 oram
2155 2715 2470 2766 descivisse!
2501 2719 2694 2768 Momm

1624 2797 1798 2839 autem
1825 2790 2118 2854 Campam,
2142 2791 2330 2840 Latine
2353 2793 2479 2856 quid
2500 2793 2585 2843 bic
2605 2794 2693 2858 sit,

1623 2865 1820 2927 ignoro.
1889 2866 2208 2916 Centesimum
2274 2869 2407 2917 ultra
2462 2871 2687 2934 lapidem,

1618 2941 1939 2990 scribendum
1992 2942 2178 2992 vicisse
2264 2944 2390 2992 mihi
2445 2945 2687 2996 videntur

1619 3018 1845 3082 Lipsius,
1882 3025 1938 3067 et
1983 3019 2227 3068 Camillus
2280 3020 2595 3086 Peregrinus
2630 3023 2685 3073 iu

1615 3106 1774 3155 opere
1797 3092 1957 3142 docto
1975 3092 2041 3141 de
2061 3093 2260 3157 Capua.

1679 3168 1871 3217 Mirum
1918 3176 2094 3218 tamen
2141 3170 2194 3218 in
2236 3185 2368 3219 oram
2406 3172 2684 3238 Campania

1613 3243 1828 3293 libertos
1850 3244 2089 3308 relegari.
2154 3245 2256 3295 Sed
2286 3247 2573 3313 sciendum,
2591 3264 2681 3299 ne-

1613 3320 1802 3370 minem
1837 3321 2124 3384 relegatum
2148 3322 2361 3386 proprie
2386 3324 2438 3373 in
2461 3325 2681 3388 Campa·

1612 3395 1780 3445 niam·
1765 3431 1780 3458 ‚
1841 3396 2032 3476 nedum
2082 3411 2281 3463 omnes,
2324 3407 2381 3450 et
2433 3414 2679 3466 nusquam

1611 3472 1731 3521 alio.

1677 3548 1952 3612 Relegatio
1970 3549 2132 3600 tiebat
2153 3552 2287 3600 ultra
2314 3555 2678 3605 centesimum.

1610 3625 1685 3676 At
1720 3628 1896 3677 locum
1925 3628 2063 3676 ultra
2093 3630 2433 3679 centesimum
2456 3631 2676 3696 quilibet

1609 3705 1710 3754 sibi
1731 3704 1942 3769 legebat
1966 3705 2095 3769 ipse,
2120 3706 2209 3770 qui
2229 3707 2392 3756 solum
2425 3711 2676 3759 vertebat.

1674 3781 1756 3829 Ex
1804 3780 1885 3829 bis
1939 3781 2099 3843 igitur
2140 3782 2358 3846 aliquos,
2410 3784 2673 3849 precipue

1607 3856 1875 3919 lautiores,
1897 3856 2233 3919 Campaniam
2261 3859 2574 3921 pretulisse,
2594 3864 2673 3908 at-

1610 3945 1709 3994 que
1728 3930 1849 3980 huic
1872 3930 2081 3981 invidiae
2103 3934 2422 3983 occasionem
2444 3934 2674 3998 dedisse,

1604 4004 1733 4055 satis
1749 4013 1826 4056 est
1846 4007 2141 4057 verisimile.
2206 4008 2269 4057 In
2307 4012 2545 4074 exemplo
2585 4018 2670 4061 est

1603 4083 1854 4132 Etruscus
1878 4083 2014 4147 apud
2034 4085 2258 4134 Statium
2280 4086 2474 4137 tertio:
2507 4087 2525 4115 ‘
2541 4088 2669 4137 mol·

1601 4157 1677 4207 les
1692 4158 1941 4222 Campani
1976 4159 2167 4210 littoris
2201 4175 2316 4210 oras
2354 4163 2425 4211 Et
2458 4161 2668 4213 Diome·

1599 4232 1742 4287 daeas
1763 4232 2050 4289 concedere
2054 4239 2231 4303 jussus
2254 4240 2309 4292 iu
2330 4244 2522 4294 arces?
