3100 4925
463 348 636 425 1354

1154 377 1238 428 c.-
1260 358 1625 428 com-(nnn
1670 376 1924 429 norm
1960 429 1971 436 „

2326 386 2425 455 [A.
2448 388 2520 442 υ.
2541 390 2660 440 m

1457 581 1670 632 NOTAE

462 713 638 752 ronem
678 714 827 751 suum
867 706 1129 765 certaret3
1169 717 1294 767 ergo
1333 703 1517 754 eadem

461 784 541 830 est
561 775 786 839 flemina,
809 792 926 842 quoe
948 785 1166 845 utroque
1189 780 1303 830 ioco
1322 781 1473 832 vivit.

525 852 729 902 Habuit
765 855 1020 918 Domitia,
1036 855 1103 905 de
1139 870 1244 920 qua
1276 857 1377 922 hic,
1420 873 1516 922 per

460 926 750 982 Calabriam
794 929 991 993 praedia
1030 935 1086 980 et
1123 946 1397 983 servorum-
1428 949 1517 997 ag-

457 1004 626 1065 mina;
659 1011 716 1054 et
757 1007 858 1055 huc
903 1008 1134 1071 respexit
1170 1009 1277 1062 Dio
1320 1011 1355 1059 1.
1395 1024 1514 1061 ur.

458 1094 576 1138 cum
598 1080 698 1129 ait:
718 1082 906 1131 ‘Bonis
928 1082 1057 1146 qius,
1079 1083 1372 1151 (Domitiae)
1395 1101 1513 1151 quae

345 1225 352 1230 μ
456 1158 619 1221 Baiis,
661 1166 721 1210 et
760 1161 815 1210 in
857 1163 982 1213 mari
1020 1164 1313 1215 Ravennati
1349 1172 1518 1230 erant,

457 1233 664 1299 ablatis,
686 1237 955 1301 magnifica
977 1237 1031 1287 in
1064 1240 1127 1289 iis
1159 1241 1358 1305 praedia
1395 1257 1516 1293 con-

456 1311 650 1374 struxit
683 1312 872 1363 Neroz'
906 1321 960 1364 et
994 1320 1115 1365 tunc
1149 1323 1372 1367 mortem
1403 1319 1515 1381 ejus

455 1383 723 1451 describit,
743 1402 844 1438 non
865 1404 990 1441 vero
1023 1405 1087 1441 eo
1121 1391 1221 1442 loci
1257 1400 1350 1444 aut
1384 1399 1515 1443 tem-

447 1461 612 1526 poris,
632 1477 734 1527 quo
759 1465 1048 1516 testimonio
1073 1467 1294 1518 Neronis
1318 1468 1517 1520 afflicta

453 1543 552 1586 est.
618 1538 805 1603 Itaque
826 1540 1008 1590 eadem
1026 1543 1260 1593 Domitia
1280 1552 1380 1605 est,
1399 1560 1512 1610 que

453 1609 555 1675 bic,
575 1614 611 1663 1.
634 1626 762 1676 ¹11„
796 1622 1112 1683 exterretur,
1147 1626 1204 1669 et
1239 1636 1357 1686 qum
1380 1622 1517 1672 vive»

454 1685 549 1738 bat
569 1689 736 1740 adhuc
759 1693 796 1743 1.
816 1705 942 1742 xm.

517 1767 588 1817 Et
609 1775 775 1831 certe,
798 1769 840 1818 si
861 1768 1082 1822 fuissent
1104 1773 1219 1823 duae
1247 1772 1514 1840 Domitiae,

451 1853 542 1890 seu
565 1842 681 1892 duae
701 1843 875 1894 amita·
911 1844 1156 1911 Neronis,
1182 1849 1319 1899 baud
1355 1849 1514 1901 dubie

451 1917 634 1982 aliquis
669 1919 914 1971 horumce
951 1929 1221 1973 auctorum
1254 1923 1514 1974 distinxis-

450 1998 532 2040 set
553 2006 657 2054 eas,
678 1995 808 2046 utin
831 2001 984 2044 tanta
1000 1996 1309 2046 claritudine
1325 1999 1513 2063 gentis,

450 2067 535 2115 vel
575 2068 786 2131 proprio
823 2070 1051 2133 nomine,
1090 2073 1174 2120 vel
1211 2079 1390 2136 aetate,
1422 2076 1510 2124 vei

449 2141 656 2190 nomine
679 2142 871 2206 mariti,
891 2150 950 2193 ut
972 2145 1105 2196 solet
1125 2146 1339 2197 historia
1360 2149 1509 2202 Rom.

450 2214 536 2263 vei
578 2214 751 2279 aliqua
802 2217 904 2267 alia
955 2219 1363 2287 circumstantia,
1405 2238 1511 2288 qua

449 2288 685 2354 dignosci
706 2291 927 2343 invicem
944 2301 1176 2359 possent.

459 2417 476 2430 ,
505 2364 588 2415 'At
606 2365 829 2419 dixisset
846 2370 1057 2421 Tacitus
1076 2372 1175 2423 hoc
1188 2372 1324 2443 ioco,
1348 2374 1383 2425 Ι.
1406 2387 1510 2426 111.

447 2454 552 2490 non
567 2439 731 2494 fuisse
750 2443 1078 2497 interfectam
1099 2448 1403 2513 Domitiam,
1418 2449 1510 2500 sed

452 2523 650 2579 tantum
691 2520 743 2568 ei
785 2518 943 2572 fuisse
985 2522 1232 2573 indictam
1271 2531 1509 2575 mortem.

451 2591 609 2645 Certe
631 2607 715 2644 res
739 2595 967 2647 breviter
988 2600 1263 2664 exequitur
1282 2601 1514 2666 Tacitus,

446 2671 505 2718 et
525 2665 820 2729 sufficiebat
840 2672 1046 2736 Tacito,
1067 2674 1258 2726 dixisse
1289 2683 1510 2730 mortem

448 2737 501 2817 ei
523 2741 803 2808 indictam;
826 2760 1042 2813 cumque
1064 2750 1190 2801 nihii
1210 2753 1353 2802 aliud
1374 2768 1510 2818 prae·

447 2822 593 2890 terea
634 2819 910 2886 addiderit,
953 2825 1081 2876 satis
1131 2826 1329 2878 indicat
1383 2829 1507 2895 quid

447 2892 592 2947 velit.

512 2969 786 3020 Praeterea
802 2972 1091 3026 sufficiebat
1107 2977 1176 3040 ei,
1197 2978 1394 3031 dixisse
1417 2981 1507 3030 ad-

443 3049 706 3095 versatum
743 3060 855 3097 esse
895 3050 1193 3102 Narcissum
1231 3055 1326 3104 tali
1356 3057 1506 3106 saevi-

444 3119 554 3181 tiae,
589 3134 706 3170 cum
746 3121 800 3170 in
830 3123 1003 3174 animo
1041 3126 1259 3179 baberet
1291 3129 1505 3182 Tacitus

446 3210 695 3261 peragere
716 3197 975 3251 historiam
1009 3200 1231 3253 foeminoe
1269 3208 1509 3271 sequenti

440 3270 596 3343 libro,
615 3287 681 3322 ex
706 3289 807 3339 qua
837 3290 1024 3341 nempe
1046 3279 1188 3330 clare
1209 3295 1507 3345 agnoscere·

446 3352 549 3408 tur,
561 3347 748 3399 vixisse
766 3350 1048 3404 Domitiam
1066 3357 1285 3408 eandem
1301 3366 1502 3423 postea.

506 3423 732 3476 Mortem
755 3426 906 3490 hujus
932 3430 1180 3482 Domitiae
1202 3433 1504 3485 describunt

439 3498 720 3554 Suetonius
743 3510 799 3555 et
836 3505 944 3556 Dio
973 3508 1214 3573 sequenti
1248 3516 1503 3576 tempore,

441 3576 534 3637 sed
556 3579 714 3628 altum
733 3581 856 3631 silet
876 3582 1089 3633 Tacitus
1110 3584 1177 3635 de
1198 3586 1297 3636 hac
1316 3594 1501 3639 morte.

440 3650 608 3701 Forte'
639 3655 760 3718 quia
802 3656 1070 3719 vulgatum
1109 3658 1238 3710 iilud
1285 3662 1500 3726 crimen,

442 3723 563 3775 odio
587 3727 810 3779 Neronis
822 3732 935 3795 jam
957 3734 1238 3797 parricidio
1270 3736 1500 3803 infamis,

441 3801 581 3866 quod
601 3816 703 3852 non
743 3813 917 3856 tamen
951 3808 1078 3858 satis
1111 3811 1385 3874 probatum
1407 3822 1500 3865 aut

439 3883 797 3941 compertum;
830 3887 887 3930 et
921 3882 1049 3931 talia
1070 3884 1211 3947 vulgi
1243 3900 1338 3949 pro
1366 3902 1501 3938 sum-

436 3963 522 4000 mo
541 3965 636 4000 suo
661 3951 882 4016 judicio,
903 3962 963 4004 ut
982 3956 1185 4009 incerta
1216 3967 1307 4010 aut
1340 3963 1497 4014 etiam

441 4033 622 4090 aperte
644 4026 776 4078 falsa
805 4030 1082 4093 rejiciebat
1113 4037 1498 4105 spernebatque

439 4101 676 4153 Tacitus.
717 4104 880 4153 'Nam
902 4107 1133 4170 quamvis
1148 4109 1365 4173 jusserit
1384 4114 1498 4165 irri-

439 4175 567 4230 dens
583 4179 753 4246 Nero,
768 4178 1027 4233 t'oeminam
1043 4184 1237 4252 largius
1268 4192 1499 4258 purgari,

1574 689 1698 754 'non
1734 704 1856 754 exin
1876 669 2113 770 sequitur
2138 704 2303 759 fluisse
2324 707 2659 774 interfectam

1593 794 1625 828 a
1645 782 1873 831 Nerone,

1659 856 1775 905 Nisi
1796 854 1933 905 forte
1951 855 2161 908 Tacitus
2181 865 2403 909 mortem
2431 860 2540 925 ejus
2572 861 2662 912 de·

1593 929 1903 993 scripsisset,
1934 945 2262 998 quocumque
2286 935 2438 983 modo
2471 949 2663 987 evene·

1595 1005 1684 1066 rit,
1705 1006 1757 1054 in
1780 1005 1926 1055 libris
1964 1007 2054 1072 qui
2092 1008 2328 1070 periere:
2362 1007 2500 1058 forte
2537 1024 2658 1060 cum

1594 1077 1661 1128 ad
1701 1080 1926 1145 inopiam
1966 1082 2208 1133 redactus
2246 1090 2383 1133 esset
2430 1085 2555 1133 luxu
2599 1092 2660 1140 et

1595 1156 1922 1220 prodigentia
1944 1159 2106 1223 Nero,
2137 1165 2194 1210 et
2225 1159 2454 1225 undique
2486 1175 2659 1211 corra-

1595 1230 1746 1280 deret
1785 1233 2048 1296 pecuuias,
2086 1234 2293 1284 amitam
2331 1234 2661 1297 opulentissi-

1593 1321 1732 1358 mam
1760 1307 2048 1371 interfecit,
2086 1315 2146 1358 ut
2180 1309 2315 1360 bona
2351 1309 2462 1374 ejus
2505 1325 2658 1362 occu·

1572 1388 1778 1446 ·paret;
1808 1398 1927 1432 nam
1949 1390 2006 1434 et
2039 1399 2213 1437 omnes
2235 1399 2361 1449 opes
2385 1385 2658 1454 ejusfsup-

1561 1468 1773 1521 *presso
1805 1460 1961 1509 etiam
1997 1465 2328 1524 testamento,
2360 1460 2569 1526 invasit,
2596 1474 2658 1512 na

1593 1535 1707 1598 qaid
1725 1533 2009 1599 abscederet,
2024 1542 2160 1587 teste
2178 1537 2395 1587 Sueton.

1658 1612 1901 1676 Donnitia]
1933 1614 2057 1663 Non
2078 1615 2242 1664 solum
2265 1613 2524 1664 aemulatio
2545 1614 2657 1665 Do·-

1593 1687 1754 1737 mitiae
1776 1688 2023 1739 adversus
2047 1687 2409 1754 Agrippinam,
2429 1690 2520 1739 sed
2540 1705 2658 1755 gra-

1592 1762 1855 1812 vissimum
1879 1770 1935 1813 et
1967 1765 2191 1829 capitale
2224 1765 2398 1814 odium
2431 1759 2656 1827 exarsit3

1593 1840 1669 1889 ita
1691 1845 1750 1888 ut
1771 1837 2132 1904 Agrippinam,
2146 1855 2262 1890 cum
2284 1841 2439 1890 rebus
2460 1846 2517 1890 et
2533 1842 2656 1891 aula

1593 1922 1769 1965 amota
1805 1922 1966 1978 esset,
2003 1915 2245 1979 perdere,
2277 1921 2332 1965 et
2353 1915 2449 1979 ipsi
2486 1916 2655 1967 vicem

1591 1991 1740 2041 exitii
1760 1992 1984 2043 reddere
2009 1994 2228 2043 voluerit
2249 1993 2497 2043 Domitia.
2544 1993 2655 2043 Ita-

1589 2080 1690 2132 que
1730 2082 1848 2117 cum
1897 2075 2302 2132 suspectaretur=
2340 2068 2659 2133 Agrippina,

1588 2142 1908 2206 conspirasse
1931 2156 2048 2193 cum
2069 2143 2282 2193 Plautio
2305 2143 2370 2193 de
2409 2144 2655 2194 invaden-

1587 2215 1658 2266 da
1682 2227 1874 2266 'rursus
1913 2216 2121 2281 Repub.
2163 2217 2374 2268 immisit
2417 2219 2655 2268 Domitia

1586 2291 1839 2342 Paridem
1859 2292 2098 2344 libertum
2122 2308 2290 2358 suum,
2313 2301 2374 2343 ut
2386 2297 2658 2362 accusaret

1589 2382 1704 2419 eam
1726 2368 1866 2433 apud
1890 2370 2173 2421 Neronem.
2527 2436 2530 2439 ⁴
2561 2435 2568 2440 ,

1650 2446 1740 2498 Sic
1760 2446 1888 2497 Tae.
1912 2461 2040 2497 1111.
2066 2451 2147 2497 19.
2179 2447 2195 2476 ‘
2211 2447 2343 2499 Hoec
2376 2445 2572 2498 Iturius
2593 2443 2656 2498 et

1588 2522 1843 2572 Calvisius
1870 2521 2105 2572 Atimeto
2136 2523 2386 2575 Domitiae
2428 2523 2652 2574 Neronis

1590 2597 1763 2646 amitoe
1789 2596 1996 2647 ‘liberto
2032 2598 2294 2662 aperiunt.
2359 2598 2462 2650 Qui
2495 2600 2663 2659 laetus„

1591 2672 1782 2723 oblatis
1815 2674 2035 2738 (quippe
2063 2674 2201 2724 inter
2230 2672 2571 2739 Agrippinam
2592 2681 2653 2726 et

1591 2748 1876 2798 Domitiam
1909 2747 2111 2799 infensa
2143 2750 2406 2800 aemulatio
2437 2763 2650 2800 exerce-

1588 2821 1769 2888 batur)
1789 2823 2036 2874 Paridem
2056 2824 2384 2892 histrionem,
2403 2826 2651 2879 libertum

1587 2903 1644 2948 et
1676 2897 1846 2961 ipsum
1878 2899 2149 2965 Domitiae,
2173 2900 2398 2966 impulit,
2433 2902 2513 2952 ire
2535 2915 2651 2966 pro-

1586 2987 1733 3037 pere,
1748 2974 2047 3039 crimenque
2068 2976 2319 3029 atrociter
2339 2975 2582 3027 deferre!

1652 3050 1770 3104 Qua
1800 3053 2148 3114 accusatione,
2168 3067 2270 3118 quo
2290 3068 2430 3114 casu,
2465 3060 2651 3118 parum

1585 3121 1752 3176 abfuit
1803 3127 1927 3193 quin
1971 3128 2323 3179 occideretur.
2354 3129 2651 3194 Agrippina

1584 3205 1746 3254 etiam
1777 3204 2026 3255 inaudita.
2092 3206 2230 3255 Nam
2262 3204 2278 3232 ‘
2297 3205 2442 3255 Nero
2485 3204 2648 3270 trepi-

1584 3279 1700 3343 dus,
1721 3286 1777 3330 et
1812 3279 2186 3330 interficiendae
2226 3280 2406 3330 matris
2445 3279 2649 3343 avidus,

1582 3369 1686 3405 non
1727 3355 1870 3420 prius
1903 3354 2104 3406 differri
2124 3356 2314 3421 potuit,
2334 3371 2490 3420 quam
2510 3357 2643 3417 Bur·

1581 3431 1707 3481 rhus
1722 3445 1904 3482 necem
1923 3432 2035 3496 ejus
2056 3431 2418 3501 promitteret,’
2440 3434 2539 3481 &m

1645 3505 1723 3557 At
1763 3508 1901 3557 unde
1936 3513 2135 3558 tantum
2172 3507 2347 3558 odium
2391 3507 2642 3558 Domitiae

1581 3580 1825 3632 adversus
1844 3581 2221 3647 Agrippinam
2253 3583 2352 3634 nisi
2372 3584 2491 3648 quia
2525 3598 2642 3635 eam

1579 3658 1801 3721 perdere
1833 3659 1955 3708 olim
1978 3658 2226 3724 voluerat,
2258 3673 2357 3710 nec
2391 3674 2487 3722 per
2525 3674 2641 3711 eam

1577 3739 1816 3797 steterat,
1858 3734 1982 3800 quin
2036 3735 2268 3785 Domitia
2309 3735 2640 3786 occideretur

1577 3810 1673 3860 sub
1712 3802 1945 3861 Claudio.
2010 3811 2168 3862 Patet
2200 3811 2357 3862 etiam
2395 3826 2545 3862 unam
2583 3817 2645 3862 et

1576 3886 1794 3936 eandem
1814 3884 1973 3936 fuisse
2002 3886 2268 3937 Domitiam
2286 3886 2563 3953 utrobique
2583 3887 2640 3941 in

1574 3962 1688 4012 istis
1709 3963 1924 4013 diversis
1943 3963 2110 4014 Taciti
2140 3964 2285 4026 locis,
2305 3963 2427 4029 quia
2448 3978 2644 4030 nempe

1573 4039 1827 4100 hocloco,
1858 4041 1896 4090 l.
1930 4053 2034 4090 111.
2072 4040 2323 4091 describit
2356 4039 2638 4093 Domitiam

1575 4116 1880 4183 iapudiam,
1912 4115 2159 4182 infamem,
2188 4120 2272 4182 ξε.
2303 4115 2544 4182 similiter
2578 4123 2639 4166 et

1574 4204 1691 4243 eam
1730 4190 1969 4259 depingit
2004 4205 2138 4247 xm.
2176 4195 2260 4244 20.
2301 4191 2507 4271 ‘Nunc¹
2539 4204 2634 4257 per
