3100 4925
492 386 669 463 1292

1199 403 1265 459 c‘.
1312 406 1675 457 conuenit
1723 393 1979 457 '1‘A010r1

2381 389 2470 454 [A.
2489 390 2558 441 υ.
2581 393 2703 441 sos.

487 552 600 617 sed
627 551 912 617 Claudio
959 572 1277 636 perquam
1304 552 1675 628 familiariS‚
1707 516 1857 615 curn
1900 551 2200 634 privatus
2231 554 2394 619 olim
2425 574 2703 619 conver·

486 654 769 718 satione*
815 659 1218 716 scurrarum²
1263 653 1437 717 iners
1484 652 1694 716 otium
1748 653 2136 718 oblectaret.

2229 655 2395 734 1s,³w
2426 656 2702 721 auxiliis

477 832 697 899 privatus
737 833 869 895 olim,
898 836 1236 888 consuetudine
1271 851 1560 898 scurrarum,
1585 837 1810 897 ignavam
1828 836 2031 899 quietem
2067 836 2305 889 deliniret.
2373 840 2429 888 Is
2457 837 2704 901 Pelignus,

1419 978 1598 999 eeeee

1601 978 1778 998 “u“

486 1090 804 1153 Puteolano,
844 1092 1209 1156 conspiciendus.
1275 1092 1350 1143 At
1393 1092 1447 1141 in
1484 1093 1613 1141 Mss.
1643 1091 1794 1142 Harl.
1830 1099 1887 1141 et
1924 1090 2074 1140 Bodl.
2108 1092 2437 1143 emendatum
2477 1106 2704 1156 quoque,

486 1156 828 1219 despiciendum.
864 1157 1090 1206 Brotier.
1162 1157 1244 1206 Ita
1284 1158 1481 1206 habeut
1503 1156 1671 1206 Codd.
1690 1156 1895 1219 scripti,
1927 1156 2068 1205 Flor.
2091 1156 2222 1219 Reg.
2247 1165 2304 1204 et
2329 1158 2483 1206 Mens
2510 1173 2523 1205 z
2564 1157 2703 1206 Rue-

488 1234 653 1269 nanus
690 1221 884 1282 primus
915 1222 989 1270 sic
1029 1221 1214 1282 edidit,
1236 1237 1353 1270 cum
1374 1229 1495 1271 ante
1520 1236 1638 1269 eum
1661 1220 1970 1277 Beroaldus,
2004 1221 2372 1282 conspiciendus.
2441 1220 2595 1272 Quod
2648 1227 2706 1269 et

487 1283 656 1347 ipsum
682 1285 816 1333 haurd
843 1288 1214 1347 spernendum:
1251 1287 1404 1335 immo
1440 1286 1517 1334 sie
1545 1285 1809 1334 blanditur
1826 1285 1880 1334 J.
1908 1285 1965 1332 F.
1990 1284 2254 1333 Gronovio
2277 1291 2335 1334 ut
2373 1285 2555 1335 reduci
2588 1298 2707 1347 pro-

556 1350 762 1397 modum
796 1350 1000 1412 jubeat,
1022 1364 1173 1414 quem
1213 1350 1299 1398 adi
1343 1351 1394 1398 in
1436 1350 1662 1398 observ.
1691 1348 1758 1397 ad
1785 1348 2082 1410 Scriptores
2106 1349 2408 1398 Ecclesiast.
2456 1364 2505 1398 c.
2535 1353 2615 1398 19.
2647 1354 2706 1397 et

538 1412 694 1461 ivium
721 1414 750 1460 Ι.
778 1427 853 1462 ιν.
879 1429 923 1462 e.
951 1419 1029 1461 13.
1067 1416 1148 1462 cui
1176 1421 1229 1463 et
1251 1414 1498 1462 Nicolaus
1521 1413 1768 1462 Heinsius
1790 1427 1934 1461 suum
1961 1412 2158 1474 adjecit
2180 1414 2528 1475 calculum,et
2550 1413 2702 1461 simul

486 1475 623 1526 hunc
648 1477 825 1526 Ovidii
849 1479 925 1526 sui
949 1479 1135 1537 locum,
1158 1479 1173 1505 ‘
1200 1478 1352 1528 Unde
1377 1480 1445 1527 sit
1475 1478 1528 1526 in
1552 1485 1793 1527 neutrum
1818 1477 2212 1538 conspiciendus
2238 1476 2428 1542 eques!
2471 1476 2709 1542 Ryckius.

489 1544 588 1590 ——2
620 1541 766 1591 Nihil
808 1557 1030 1605 unquam
1054 1541 1255 1591 felicius
1291 1542 1594 1604 emendavit
1619 1541 1841 1604 Lipsius.
1908 1540 1972 1588 Iu
2013 1541 2223 1603 scriptis
2260 1550 2315 1589 et
2354 1540 2508 1590 editis
2543 1540 2709 1604 libris,

489 1606 832 1668 eumprivutis,
855 1609 934 1654 vel
964 1606 1180 1669 privatos
1212 1606 1326 1656 olim
1355 1606 1744 1667 conversationes,
1765 1605 1849 1653 vel
1886 1606 2275 1666 concursationes,
2299 1610 2507 1655 curaret.
2573 1605 2705 1653 Mox

488 1667 544 1717 in
568 1669 796 1719 editione
822 1671 1075 1733 principe,
1098 1671 1369 1731 objectaret.
1437 1671 1585 1720 Bene
1615 1669 1929 1719 Puteolanus
1971 1675 2026 1717 et
2050 1670 2177 1718 Mss.
2204 1671 2341 1719 Flor.
2375 1671 2506 1733 Reg.
2530 1666 2709 1718 Guelf.

492 1738 550 1782 et
584 1735 734 1785 Harl.
759 1735 1045 1785 Bodl.Jes.
1071 1735 1341 1784 oblectaret.
1409 1735 1638 1785 Brotier.
1709 1733 1843 1782 Haec
1888 1733 2046 1781 lectio
2081 1748 2112 1781 a
2158 1732 2333 1796 Lipsio
2373 1742 2487 1784 est:
2523 1733 2707 1795 scripti

492 1797 629 1846 enim
652 1798 735 1848 hic
763 1799 948 1848 vitiati.

491 1861 643 1910 otium
663 1862 934 1914 oblectaret.
968 1862 1129 1928 (Reg.
1151 1862 1449 1927 objectaret.)

1016 1800 1154 1850 Flor.
1177 1806 1233 1848 et
1259 1802 1387 1862 Reg.
1413 1812 1519 1848 eum
1557 1799 1774 1860 privatus
1813 1798 1926 1847 olim
1962 1799 2334 1848 conversationes
2349 1802 2559 1859 curaret,
2581 1800 2710 1847 iners

1532 1864 1721 1911 Mens:
1753 1862 1867 1924 quin
1900 1862 2120 1924 privatus
2150 1862 2263 1911 olim
2296 1863 2565 1912 comesuties
2586 1861 2706 1926 (ms.

489 1928 815 1988 comensium)
851 1942 985 1976 ouras
1041 1933 1090 1977 et
1150 1930 1279 1977 iners
1331 1929 1480 1981 otium
1537 1927 1803 1986 objectaret.
1893 1924 2139 1989 Lipsiaua
2183 1927 2477 1976 emendatio
2522 1927 2706 1976 nititur

492 1990 728 2038 Suetonii
750 1992 886 2051 loco,
911 1991 1094 2040 Claud.
1119 2007 1166 2040 c.
1183 1998 1229 2040 5.
1263 1991 1592 2054 Κροκέαι-3
1632 1991 1683 2038 Is
1701 1991 1951 2053 Pelignus,
1967 1995 2025 2040 et
2058 1990 2351 2041 Gronovius
2372 1997 2428 2040 et
2452 1990 2706 2058 Ryckius.

492 2051 568 2103 At
584 2060 730 2104 recte
755 2053 961 2103 abesset
983 2055 1235 2119 Pelignus,
1257 2062 1318 2103 ut
1338 2056 1498 2105 visum
1521 2050 1892 2103 Freinshemio.

1489 2197 1708 2251 No'rAE

495 2342 676 2410 debet,
720 2361 874 2413 quam
919 2348 985 2399 de
1039 2353 1217 2399 mente
1269 2347 1562 2400 omnimodo

495 2422 775 2477 malesana.

562 2499 631 2548 Et
653 2507 926 2564 comparat
958 2502 1043 2553 hic
1064 2503 1186 2553 Tae.
1212 2505 1436 2553 animum
1471 2502 1561 2551 ho-

494 2575 647 2627 minis
671 2591 788 2627 cum
812 2593 1034 2643 corpore
1055 2581 1210 2631 illius.
1259 2581 1346 2632 Ita
1363 2588 1422 2631 ut
1445 2596 1565 2646 per-

496 2652 622 2703 inde
668 2660 893 2719 utroque
935 2654 1149 2706 affectus
1184 2663 1340 2722 esset,
1376 2672 1564 2722 nempe

496 2729 761 2796 utrimque
786 2735 951 2797 turpis
974 2734 1212 2798 perinde,
1233 2740 1289 2785 et
1317 2734 1564 2785 ridiculus

498 2819 561 2857 ac
583 2808 924 2871 spernendus.

564 2885 584 2916 ²
609 2884 682 2934 Et
718 2886 975 2935 deridiculo
1010 2888 1240 2951 eorporis]
1290 2888 1564 2953 Interpres

498 2955 764 3024 Hispanus
809 2962 1074 3025 intelligit,
1118 2963 1263 3027 quasi
1310 2964 1564 3026 Pelignus

497 3034 610 3097 ipse
644 3049 792 3084 suum
826 3051 1011 3100 corpus
1053 3039 1226 3102 aliqua
1248 3040 1450 3089 macula
1470 3054 1564 3089 seu

493 3109 624 3159 nota
636 3124 789 3174 quam
812 3111 911 3160 sibi
929 3112 1202 3175 inusserat,
1219 3113 1564 3163 deridendum

496 3187 836 3250 praebuisset:
871 3188 962 3237 sed
1007 3189 1182 3253 potius
1226 3190 1567 3256 intelligenda

496 3262 671 3328 aliqua
700 3263 1006 3316 deformitas
1043 3267 1273 3332 corporis
1313 3282 1345 3316 a
1378 3273 1566 3318 natura

498 3337 682 3402 indita,
703 3354 805 3403 qua
826 3342 982 3390 risum
1005 3342 1273 3393 meruerit.

562 3413 722 3465 Forte
747 3415 921 3480 aliqua
939 3416 1044 3466 fuit
1064 3430 1128 3465 ex
1158 3417 1257 3481 his,
1280 3432 1384 3482 qua
1402 3417 1565 3480 signa·

498 3495 575 3540 tos
593 3492 824 3541 homines
844 3506 1106 3556 vocamus,
1136 3507 1323 3558 nempe
1345 3499 1405 3544 ut
1427 3499 1566 3543 esset

499 3567 693 3629 cocles,
716 3567 950 3629 claudus,
974 3569 1179 3632 gibbus,
1202 3570 1286 3618 vel
1320 3569 1433 3619 haec
1457 3584 1565 3618 om-

498 3639 589 3689 nia
619 3640 788 3691 simul.
857 3643 1099 3708 Namque
1119 3645 1136 3672 ‘
1161 3644 1441 3694 distortum
1457 3647 1566 3694 vul-

498 3719 608 3764 tum
632 3719 864 3780 sequitur
887 3717 1126 3768 distortio
1148 3721 1379 3770 morum?

563 3797 588 3823 ⁸
621 3792 985 3858 Despieiendus]
1038 3793 1144 3843 Alii
1194 3796 1564 3862 conspiciendus,

500 3865 592 3915 sed
630 3864 765 3916 forte
812 3868 1028 3930 perinde
1070 3877 1168 3919 est.
1237 3873 1373 3920 Nam
1417 3874 1563 3924 Suet.

501 3941 684 3991 Claud.
699 3946 748 3991 4.
783 3942 798 3971 ‘
819 3943 904 3991 Ne
928 3944 1052 4007 quid
1077 3942 1257 4009 faciat,
1280 3947 1417 4012 quod
1443 3962 1566 3998 con-

500 4016 632 4080 spici
654 4024 744 4066 aut
765 4017 990 4066 derideri
1017 4020 1209 4083 possit?
1273 4022 1394 4072 Fuit
1413 4025 1566 4086 juxta

501 4090 819 4155 perindeque
868 4091 1233 4156 despiciendus
1295 4098 1568 4163 Pelignus,

499 4172 557 4216 et
594 4167 802 4231 ignavis
824 4168 978 4218 animi
1002 4175 1057 4219 et
1076 4169 1364 4223 deridiculo
1386 4185 1567 4239 corpo-

565 4271 669 4371 sed
686 4317 813 4371 nihii
831 4327 994 4372 muta.
1046 4324 1192 4376 nens
1211 4325 1380 4391 ignavi
1397 4327 1571 4379 anina.

1643 2347 1730 2398 Sic
1777 2347 1988 2417 Tscitus
2027 2346 2299 2398 varietatis
2351 2360 2508 2397 eausa
2561 2358 2708 2397 casus

1564 2444 1569 2449 ·
1643 2425 1845 2477 miscet.
1908 2425 1996 2477 Sic
2023 2439 2198 2476 sume:
2231 2425 2396 2487 igvmvi
2416 2423 2565 2474 animi
2587 2422 2707 2513 fuit,

1644 2505 1701 2549 et
1730 2502 1990 2550 deridiculo
2024 2502 2234 2564 eorporis
2252 2501 2472 2564 perinde
2510 2501 2710 2564 despret-

1643 2576 1791 2623 endus
1810 2575 2076 2639 Pelignus.

1708 2657 1732 2683 v
1768 2651 1890 2699 Cum
1923 2652 2142 2715 privatus
2180 2653 2293 2701 olim
2340 2650 2707 2714 conversatione]

1643 2726 1810 2776 Tacit.
1844 2727 1896 2774 in
1934 2727 2143 2792 Dialog.
2185 2730 2202 2757 ‘
2227 2728 2281 2778 Si
2320 2727 2474 2777 modo
2513 2726 2567 2777 in
2608 2728 2707 2778 hae

1646 2802 1934 2853 studiorum
1972 2810 2124 2867 parte
2161 2805 2426 2855 oblectare
2448 2806 2629 2868 otium,
2652 2812 2710 2856 et

1644 2892 1832 2928 nomen
1855 2879 2087 2929 inserere
2112 2887 2325 2944 possunt
2347 2878 2537 2930 fnmoess
2604 2881 2713 2931 Pu·

1646 2961 1773 3018 tem,
1795 2962 2091 3020 respectum
2121 2958 2187 3007 ad
2207 2959 2299 3007 illa
2320 2965 2575 3023 tempora,
2600 2959 2713 3023 qui·

1643 3031 1739 3081 bus
1750 3032 1998 3082 Claudius
2016 3033 2208 3098 abjecit
2221 3049 2369 3097 spem
2378 3034 2709 3098 dignitatum.

1645 3108 1788 3158 Suet.
1814 3123 1863 3159 c.
1881 3114 1930 3160 5.
1962 3109 1979 3137 ‘
1995 3110 2130 3159 Tum
2153 3109 2360 3160 demum
2384 3110 2593 3174 abjecta
2613 3124 2710 3173 spe

1645 3184 1914 3249 dignitatis
1953 3185 2020 3235 sd
2060 3187 2220 3237 otium
2254 3186 2530 3248 concessit,
2555 3185 2710 3237 modo

1643 3258 1698 3308 in
1718 3261 1883 3310 hortis
1918 3267 1977 3311 et
1992 3260 2302 3325 suburbano,
2316 3260 2470 3310 modo
2489 3261 2544 3310 in
2562 3262 2714 3310 Cam·

1644 3337 1814 3398 pnnioe
1851 3350 2060 3386 secessu
2095 3336 2424 3397 delitescens,
2446 3341 2603 3400 utque
2642 3350 2709 3387 ex

1645 3410 1988 3460 contubernio
2034 3410 2502 3460 sordidissimorum
2550 3411 2713 3461 homi·

1644 3497 1962 3549 num‚·super
1981 3491 2214 3535 veterem
2253 3484 2488 3549 segnitia
2514 3492 2712 3551 notam,

1646 3562 1917 3610 ebrietatis
1955 3567 2012 3609 et
2050 3560 2178 3609 aleae
2200 3574 2406 3624 quoque
2445 3560 2710 3613 infamiam

1644 3636 1845 3686 subiit?
1909 3638 2037 3686 Tec-
2063 3636 2130 3686 de
2169 3637 2385 3686 Vitellio
2419 3638 2542 3688 hist.
2580 3640 2618 3690 1.
2642 3653 2707 3689 11.

1645 3713 1662 3739 ‘
1686 3711 2123 3775 Aggregabsntur
2170 3726 2200 3760 e
2254 3711 2411 3774 plebe
2447 3712 2711 3778 flagitiose

1643 3801 1740 3851 per
1764 3787 2009 3852 obsequis
2025 3787 2240 3838 Vitellio
2263 3789 2478 3852 cogniti,
2494 3805 2709 3856 scurra,

1641 3862 1934 3925 histriones,
1956 3865 2169 3928 aurigae,
2193 3865 2378 3928 quibus
2407 3866 2497 3916 ille
2531 3869 2711 3919 amici·

1644 3937 1832 3988 tisrum
1855 3939 2329 3992 dehonestamentis
2357 3944 2488 3993 mire
2520 3946 2710 4007 gaude-

1644 4013 1770 4063 bat!
1801 4016 2031 4065 Piclsens.

1708 4097 1741 4122 '⁷
1775 4089 1850 4152 Is]
1909 4092 2076 4156 Vulgo
2130 4093 2324 4158 legitur
2364 4096 2410 4144 is
2448 4096 2710 4160 Pelignus:
2784 4135 2791 4141 -

1646 4164 1739 4215 sed
1762 4179 1880 4217 cum
1899 4169 2120 4220 hominis
2151 4172 2299 4222 istius
2330 4187 2515 4223 nomen
2554 4175 2711 4226 nodo

1646 4241 1932 4295 indicatum
1954 4246 2041 4310 sit,
2061 4248 2389 4298 non-videtur
2409 4249 2477 4299 sb
2495 4257 2709 4302 auctore

1647 4320 1825 4371 stetim
1844 4322 2144 4386 repetitum.
2178 4323 2547 4379 Fufiam
