3100 4925
498 374 674 443 1290

1206 389 1272 439 C.
1320 387 1690 437 CORNELII
1738 386 1997 436 'mern

2381 392 2473 459 [A.
2498 393 2567 447 u.
2590 399 2710 446 soa.

498 534 844 618 Principes
890 530 1183 597 Romani
1241 533 1518 599 eandem
1543 531 1956 612 Armeniam,
1996 533 2228 616 specie
2273 534 2709 618 largitionis?

501 637 843 707 mrbandis
873 637 1308 701 barbarorum
1347 635 1588 701 animis
1606 644 1633 670 ¹¹
1664 632 2084 718 praebuerint.
2158 636 2493 703 Potiretur
2520 636 2706 705 Rha-

499 742 821 807 damistus
851 741 1021 805 male
1051 739 1283 823 partiS,
1313 737 1470 803 dum
1495 738 1771 816 imisue,
1797 736 2110 803 infamis:
2157 737 2424 821 quando
2464 738 2540 803 id
2568 759 2712 806 ma-

501 843 605 924 gis
649 862 737 907 ex
780 861 937 919 usu,
962 860 1165 924 quam
1204 841 1264 905 si
1315 859 1466 905 cum
1513 839 1729 922 gloria
1768 838 2055 923 adeptus
2083 838 2319 905 foret.’·
2405 839 2489 904 In
2537 841 2711 907 hanc

497 1048 558 1091 nt
589 1045 636 1093 et
661 1056 801 1105 saepe
827 1041 1168 1104 imperatores
1202 1040 1416 1091 Romani
1441 1040 1658 1091 eandem
1680 1038 1979 1091 Armeniam
2003 1040 2266 1106 dederint,
2286 1041 2462 1106 specie
2483 1040 2711 1093 liberali-

499 1106 643 1168 tatis,
663 1106 727 1154 ad
766 1106 1049 1155 turbandos
1072 1112 1401 1155 externarum
1426 1107 1653 1168 gentium
1673 1103 1885 1155 ani‘mos.

1954 1106 2237 1155 Frueretur
2259 1121 2381 1156 sane
2408 1105 2710 1157 Rhadamis-

499 1179 584 1219 tus
620 1169 904 1221 sceleribus
937 1171 1064 1231 suis,
1085 1171 1204 1220 dum
1226 1173 1361 1220 modo
1382 1170 1591 1219 odiosus
1623 1174 1671 1219 st
1704 1170 2070 1233 ignominiosus
2089 1171 2260 1231 sorem·
2295 1171 2499 1235 quando
2521 1170 2706 1234 quadem

499 1234 626 1284 illud
649 1235 812 1300 magis
837 1235 965 1285 utile
986 1236 1055 1286 sit
1076 1234 1214 1286 rebus
1234 1236 1374 1285 Rom.
1392 1250 1545 1299 quam
1562 1235 1605 1284 si
1627 1249 1825 1301 regnum
1844 1248 1961 1285 cum
1986 1233 2179 1286 decore
2203 1235 2530 1286 obtinuisset.
2584 1234 2706 1289 Dis·

1472 1378 1696 1431 NOTAE

566 1503 758 1569 Itaque
779 1504 866 1554 aiii
889 1502 1030 1554 alind
1054 1503 1380 1555 sentiebant:
1414 1501 1566 1567 pauci

510 1580 673 1635 decus
696 1582 960 1646 publicum
978 1581 1258 1641 curabant3
1285 1581 1446 1643 plnres
1460 1582 1570 1629 tuta

502 1656 849 1717 disserebant,
867 1671 1074 1720 nempe,
1087 1671 1220 1705 omne
1238 1655 1386 1704 scelus
1409 1659 1567 1704 exter·-

499 1740 732 1800 namq-0.
797 1734 1052 1786 standum
1076 1742 1206 1786 vett.
1245 1733 1412 1796 libris,
1445 1748 1569 1798 quc-

501 1810 601 1862 ties
622 1812 741 1862 elici
764 1827 945 1863 sensus
964 1811 1265 1861 commodus
1286 1816 1479 1875 potest.

567 1894 605 1922 ¹¹¹
636 1887 804 1953 Specie
846 1886 1143 1950 largitionis]
1199 1887 1345 1936 Bene
1398 1887 1569 1950 specie,

504 1965 622 2031 quia
672 1965 938 2028 largiendo
975 1964 1292 2024 Armeniam,
1344 1962 1567 2012 Romani

503 2040 630 2091 nihil
653 2039 719 2088 de
742 2053 834 2087 suo
857 2039 1068 2099 dabant,
1089 2045 1148 2093 et
1172 2036 1347 2100 specie
1370 2038 1567 2101 largiti-

502 2114 613 2166 onis
652 2113 704 2163 in
741 2114 950 2175 amicos,
970 2113 1355 2163 ulciscebantur
1373 2113 1566 2163 hostes.

505 2193 662 2242 Certe
685 2192 761 2241 iili
785 2190 1005 2240 bostium
1027 2190 1212 2255 opibus
1234 2197 1290 2240 et
1310 2190 1566 2239 sociorum

505 2269 753 2330 sanguine
773 2267 1053 2318 vincebant
1077 2267 1430 2332 arcebantque
1451 2268 1569 2316 hos-

502 2353 627 2396 tem.

570 2420 686 2474 Nec
720 2422 878 2473 etiam
900 2419 1014 2472 fere
1051 2421 1214 2474 minus
1251 2419 1440 2472 infensi
1470 2421 1569 2471 Ro-

505 2499 671 2550 manis
709 2498 944 2547 Armenii
984 2499 1241 2562 plerique,
1284 2514 1437 2563 quam
1469 2497 1569 2561 ipsi

503 2574 703 2624 Parthi.
771 2575 841 2622 Et
877 2573 973 2636 ipsi
997 2572 1231 2622 Armenii
1270 2575 1409 2623 inter
1437 2572 1567 2622 duos

504 2655 860 2714 praepotentes
900 2649 1119 2712 populos
1149 2648 1392 2711 ambigui,
1417 2648 1570 2698 utris-

505 2740 605 2790 que
644 2724 834 2789 praedoe
876 2738 1017 2788 saepe
1048 2730 1137 2773 aut
1171 2723 1394 2773 ludibrio
1417 2729 1570 2774 erant

504 2802 673 2865 simui,
707 2808 799 2854 ant
848 2800 1086 2849 vicissim.
1153 2799 1570 2863 Irrnmpentibus

518 2879 743 2940 Parthis,
764 2878 1020 2928 vocabant
1050 2877 1326 2937 Romanos,
1347 2882 1403 2925 et
1424 2875 1572 2925 vicis-

507 2957 603 3006 sim
627 2956 880 3014 Parthen
915 2953 1055 3017 quod
1072 2952 1376 3016 quandoque
1398 2951 1572 3013 saluti,

508 3037 647 3093 soep‘e
666 3029 830 3078 exitio
851 3034 984 3077 erat.
1019 3026 1221 3089 Opibus
1239 3031 1296 3075 et
1317 3025 1569 3088 sanguine

508 3119 621 3168 suo,
642 3103 719 3154 sic
757 3104 992 3156 dominos
1029 3101 1348 3165 quaerebant,
1364 3115 1569 3165 compa-

508 3182 716 3236 rabant.

569 3257 742 3323 Specie
760 3255 1058 3319 largitionis]
1091 3255 1236 3303 Bene
1255 3253 1406 3317 specie
1422 3253 1573 3315 largi-

507 3335 666 3386 tionis.
733 3335 870 3383 Nam
893 3340 1040 3382 certe
1061 3346 1162 3381 non
1196 3330 1294 3381 fnit
1321 3345 1442 3381 vera
1471 3331 1572 3379 lar-

507 3412 653 3476 gitio.
719 3410 850 3460 Dati
889 3422 1039 3471 reges
1062 3407 1343 3470 Armeniae,
1365 3414 1424 3456 ut
1443 3406 1572 3456 fines

503 3487 710 3553 imperii
735 3491 1005 3538 tuerentur
1029 3484 1272 3533 adversus
1307 3484 1571 3543 barbaros,

508 3570 568 3614 ut
594 3561 930 3624 custodirent,
949 3566 1010 3610 ut
1041 3561 1370 3609 continerent
1409 3559 1571 3610 ambi-

507 3654 611 3704 gua
633 3640 736 3689 ista
759 3638 1066 3703 populorum
1088 3635 1314 3699 ingenia.

571 3714 758 3764 Potius
836 3710 1236 3775 opponebantur
1316 3711 1569 3774 hostibus,

512 3804 664 3855 quarn
699 3788 1096 3852 imponebantur
1129 3787 1387 3849 gentibus,
1407 3794 1463 3838 et
1499 3803 1569 3842 ex

505 3864 818 3916 necessitate
859 3862 1022 3925 magis
1056 3877 1207 3926 qnam
1244 3877 1309 3911 ex
1348 3862 1569 3915 iiberali-

508 3948 639 3992 tate.
706 3940 934 4003 Largitio
977 3939 1070 3988 iiia
1111 3954 1239 3989 vera
1282 3940 1568 3991 necessitas

503 4016 607 4068 fuit
648 4016 866 4078 Reipub.
906 4022 963 4064 et
1017 4013 1239 4075 imperii.
1306 4016 1377 4064 Et
1423 4017 1568 4067 nulla

508 4100 654 4144 certe
677 4106 818 4141 mera
840 4100 921 4139 est
943 4089 1148 4153 largitio
1171 4089 1565 4156 dominantium,

501 4171 549 4228 si
567 4172 741 4227 &aare
756 4168 909 4218 sciant
932 4167 1025 4229 illi,
1045 4180 1138 4218 non
1148 4168 1361 4230 perdere.
1455 4212 1460 4218 .

569 4256 594 4284 ⁸
622 4247 893 4301 Tur-bandis
908 4246 1211 4296 barbarorum
1222 4245 1418 4312 enim]
1445 4247 1569 4298 Fuit

1648 1500 1785 1550 enim
1807 1501 2054 1552 Armenia
2070 1502 2235 1552 veluti
2263 1500 2456 1551 malam
2477 1490 2711 1564 aureum,

1647 1592 1738 1626 seu
1758 1575 1847 1628 fax
1868 1577 2138 1627 discordiae
2156 1594 2172 1640 ς
2195 1584 2251 1627 et
2267 1577 2390 1628 dnm
2413 1577 2713 1642 pugnabant

1648 1653 1829 1703 Parthi
1852 1653 2098 1703 adversus
2115 1653 2407 1717 ambiguam
2427 1652 2567 1702 iilam
2589 1667 2713 1717 gen·

1648 1737 1773 1795 tem,
1809 1731 2018 1781 interim
2067 1733 2385 1799 parcebatur
2436 1730 2713 1796 provinciis

1650 1806 1913 1857 Romanis.
1979 1808 2067 1857 Sie
2106 1806 2336 1857 Armenii
2377 1822 2524 1870 reges
2566 1808 2712 1857 velut

1647 1885 1873 1937 instituti
1918 1892 1974 1937 et
2017 1887 2258 1952 dispositi
2300 1887 2545 1936 adversus
2584 1886 2713 1935 Par-

1647 1958 1778 2025 thos,
1801 1979 1918 2013 cum
1952 1963 2122 2027 gratia
2156 1968 2212 2013 et
2248 1962 2433 2026 opibus
2458 1962 2712 2033 Romano·

1647 2054 1762 2090 ram
1785 2039 1913 2088 illud
1937 2038 2206 2102 imperium
2229 2038 2410 2101 adepti
2432 2043 2625 2086 essent.

1711 2113 1979 2163 Tarbaneis
1999 2113 2302 2162 barbarorum
2316 2110 2513 2173 animis]
2544 2112 2714 2162 Ame-

1643 2189 1750 2238 m'os
1769 2189 1911 2251 ipsos
1951 2189 2216 2252 intelligit,
2241 2189 2331 2253 qui
2370 2188 2484 2238 fere
2505 2202 2713 2252 semper

1648 2266 1877 2330 ambigui
1916 2266 2058 2315 inter
2083 2267 2338 2315 Romanos
2379 2279 2441 2313 ac
2463 2264 2713 2327 Parthos3

1650 2344 1745 2395 sed
1777 2345 2040 2409 praecipue
2064 2345 2275 2392 Parthos
2296 2343 2497 2393 indicat
2533 2348 2587 2391 et
2624 2356 2715 2406 po·

1651 2421 1802 2487 pulos
1826 2421 2091 2476 ,Orientis
2147 2420 2234 2486 qui
2277 2426 2452 2485 partes
2511 2420 2713 2472 illorum

1651 2497 2010 2560 sectabantur,
2048 2503 2109 2546 ut
2152 2496 2375 2561 Arabes,
2395 2496 2715 2561 Adiabenos,
2783 2535 2787 2539 -

1649 2578 1705 2621 et
1726 2570 2075 2620 conterminos
2093 2571 2241 2621 aiios.

1717 2646 1817 2696 His
1835 2647 2234 2710 opponebantur
2249 2646 2533 2709 Armeniae‚
2553 2646 2717 2711 major

1651 2730 1705 2771 et
1729 2721 1913 2786 minor,
1932 2723 2099 2773 veluti
2121 2726 2350 2773 claustra
2381 2723 2586 2786 imperii
2609 2739 2625 2783 ;
2656 2727 2714 2772 et

1651 2799 1909 2849 dabantur
1945 2799 2075 2862 ipsis
2110 2813 2263 2862 reges
2300 2814 2334 2847 a
2356 2798 2622 2861 Romanis,
2654 2804 2716 2854 ut

1651 2876 1751 2939 ipsi
1773 2874 1903 2925 fines
1926 2875 2138 2925 ditionis
2160 2876 2311 2925 Rom.
2329 2879 2616 2930 tuerentur.

1719 2952 1862 3002 Hinc
1885 2951 2135 3004 Armenia
2169 2952 2320 3002 sedes
2341 2949 2454 3002 fere
2488 2950 2715 3004 omnium

1648 3030 1903 3082 bellorum
1941 3028 2193 3091 Orientis,
2230 3028 2550 3092 tegebatque
2592 3042 2713 3092 pro-

1647 3105 1844 3156 vincias
1888 3107 2164 3156 Romanas.
2255 3103 2354 3156 His
2397 3103 2510 3154 dati
2562 3116 2714 3168 reges

1651 3183 1836 3246 magis,
1858 3189 1916 3231 ut
1954 3181 2294 3242 custodirent,
2320 3192 2471 3244 qnam
2506 3185 2567 3229 ut
2601 3193 2719 3232 eus·

1651 3259 1975 3319 todirentur3
2008 3259 2138 3313 licet
2174 3243 2501 3320 largitionem
2537 3271 2601 3308 ae
2634 3263 2716 3307 tn-

1657 3336 1814 3384 telam
1847 3335 1901 3384 in
1939 3349 2117 3397 regum
2146 3333 2373 3397 speciem
2396 3338 2453 3381 et
2484 3335 2717 3386 ostentui

1650 3418 2005 3476 praetexerent
2025 3410 2362 3462 dominantes.
2514 3447 2517 3452 .

1716 3495 1740 3520 ⁰
1775 3489 1932 3544 Quam
1963 3487 2007 3534 si
2035 3502 2143 3535 cura
2159 3484 2318 3547 gloria
2335 3485 2536 3548 adeptus
2556 3484 2717 3550 foret]

1660 3564 1864 3626 Lipsius
1920 3562 2087 3612 aliter.
2183 3562 2297 3625 Ego
2354 3560 2483 3612 nihil
2546 3568 2713 3616 muto·

1652 3638 1834 3688 Clarus
1878 3651 2099 3700 namque
2138 3650 2335 3698 sensus,
2355 3651 2418 3690 ac
2459 3638 2714 3703 praeclara

1649 3713 1924 3763 sententia.
1992 3713 2072 3762 Ex
2112 3728 2224 3776 usu,
2244 3713 2429 3779 inquit,
2467 3715 2713 3768 Romai-

1649 3796 1784 3853 erat,
1806 3789 1946 3853 qnod
1968 3790 2331 3842 Rhadamistas
2363 3806 2579 3856 regnum
2598 3805 2710 3844 σοαπ

1650 3868 1759 3920 lere
1783 3876 2124 3932 occupasset3
2159 3871 2397 3934 quoniam
2434 3885 2552 3935 spes
2577 3876 2712 3934 erat,

1644 3944 1926 3996 seditiones
1950 3953 2006 3995 et
2037 3945 2214 3995 turbas
2249 3947 2301 3996 in
2337 3947 2601 4010 provincia
2621 3947 2711 4000 iiia

1649 4020 1796 4071 brevi
1819 4021 2060 4083 oriturus,
2080 4023 2217 4087 quod
2236 4026 2499 4089 praeeipue
2521 4025 2710 4076 Roma-

1643 4093 1697 4148 ni
1721 4096 2043 4161 qnoerebant.

1712 4169 1791 4222 At
1832 4172 1876 4221 si
1920 4172 2083 4235 gloria
2120 4172 2449 4239 egregiisque
2509 4170 2710 4228 artibus

1647 4262 1860 4315 reguum
1880 4249 2106 4317 adeptus
2125 4249 2328 4316 fuisset,
2349 4258 2474 4302 tnnc
2497 4248 2549 4299 in
2569 4248 2708 4306 iilius
