3100 4925
444 381 497 438 J.
523 380 585 437 c.
605 382 727 449 σω,
1161 357 1583 428 Ani-{Animi
1627 376 1778 428 ms.
1826 377 1977 430 ιιι.

2467 359 2650 452 1228
2688 366 2694 373 '

444 528 683 612 rentur,
715 518 1100 604 infensaque
1152 524 1218 585 et
1264 519 1466 584 infida
1517 537 1661 604 pax
1706 538 1843 585 non
1891 517 2095 597 Daci,
2123 536 2257 583 non
2285 518 2517 610 militi,
2546 538 2648 585 re·-

446 623 673 718 quiem
718 622 1138 706 permitteret,
1187 620 1519 685 detrahere
1570 641 1756 685 arma
1813 622 2163 704 suspectiS,
2222 625 2644 712 cunctosque?

448 726 686 792 castris
717 724 806 790 ad
834 722 1214 802 Auvonam⁸
1251 730 1320 788 et
1363 724 1740 789 Sabrinam¹²
1789 723 2029 789 fluvios
2078 722 2404 821 cohibere·
2435 727 2647 806 parat.

449 894 498 940 et
516 893 576 942 vie
596 887 772 951 infesta
792 889 1098 955 et'moleflda
1128 905 1246 953 pax,
1285 904 1376 938 non
1407 891 1537 952 duci,
1571 904 1662 940 aon
1698 889 1843 939 militi
1870 890 2084 953 quietem
2102 890 2258 951 daret,
2293 888 2483 949 aufere
2515 901 2650 940 «rau

446 957 675 1020 suspectis
697 957 878 1020 coepit,
894 956 1289 1020 circumdatosque
1311 955 1614 1004 manentis
1631 956 1872 1005 Anconam
1904 960 1954 1005 et
1988 954 2244 1006 Sabrinam
2263 968 2423 1004 amnes
2442 953 2650 1020 coercere

1345 1098 1376 1120 ιθ
1381 1097 1703 1118 OOOOOOOOm

410 1170 775 1233 'Brutine-³
806 1182 910 1234 Ms.
946 1181 1086 1231 Flor.
1127 1187 1379 1245 cunctaque
1415 1182 1602 1233 castris.
1668 1182 1845 1233 Editio
1876 1182 2121 1247 princeps
2159 1185 2441 1245 maneque
2457 1178 2650 1231 castris.

443 1246 575 1295 Mss.
599 1246 753 1304 Harl.
775 1254 830 1297 et
867 1247 978 1298 Jes.
1001 1247 1282 1309 cinctasque
1301 1248 1489 1296 castris.
1556 1247 1742 1312 Altera
1761 1262 1913 1297 mann
1945 1247 2294 1308 emendatum,
2316 1247 2505 1296 cinctos.
2561 1245 2648 1294 Sic

444 1317 502 1359 et
523 1310 859 1362 Puteolanus.
925 1312 1130 1375 Lipsius
1153 1311 1344 1376 aliique
1366 1312 1451 1360 hic
1475 1312 1746 1375 plurimam
1768 1311 2125 1366 difficultatem
2148 1316 2374 1374 movent,
2396 1317 2456 1361 ut
2477 1317 2654 1362 emen'-

1447 1442 1497 1492 N
1500 1441 1658 1493 01·AE

448 1539 453 1544 '
509 1544 529 1570 ⁸
565 1538 852 1602 Cunctosqtoe
906 1538 1076 1589 castris
1115 1541 1178 1589 ad
1240 1538 1509 1603 Aaronom]

446 1612 617 1677 Vulgo
636 1615 899 1678 cinctosque
936 1616 1109 1664 castris
1128 1615 1401 1664 Amanum.-
1452 1622 1508 1665 et

446 1688 613 1738 aciem
638 1705 839 1740 omnem
863 1691 1018 1742 habui
1059 1691 1125 1740 ad
1161 1692 1297 1742 hunc
1320 1693 1506 1755 locum,

445 1777 543 1814 nec
588 1767 863 1832 quicquam
910 1767 1128 1830 pervidi.
1170 1767 1330 1828 ‚Libri
1372 1774 1506 1820 vett.

446 1841 710 1905 ramisque
746 1843 935 1893 cantis.
987 1844 1181 1893 Forte:
1237 1843 1506 1893 Detrahere

446 1930 580 1965 arma
597 1918 837 1981 suspectis,
858 1918 1110 1983 cinctisque
1125 1934 1142 1966 .·
1193 1925 1367 1968 castr-ts
1401 1918 1505 1969 An-

445 1995 606 2041 tonam
650 1994 712 2041 ad
756 1992 1007 2044 Sabrinam
1050 1993 1377 2059 (Ptolemaeo'
1406 2002 1505 2057 est,

448 2065 921 2133 Sabriana)flutium
942 2069 1153 2119 cohibere
1171 2075 1332 2133 parat.
1365 2070 1507 2133 Sive,

448 2150 506 2192 ut
528 2144 776 2208 Agricola
797 2145 1301 2210 legebat,‚5unctisque
1320 2149 1507 2197 castris.

512 2215 723 2270 Autona
756 2236 878 2271 sane
921 2222 1103 2273 civitas
1139 2237 1252 2272 esse
1286 2223 1510 2287 videtur,

446 2304 726 2361 manetque
747 2297 898 2350 hodie
912 2299 1361 2363 Northamptona:
1386 2314 1509 2363 qua-

446 2373 490 2421 si
529 2372 672 2422 dicas
713 2374 1159 2437 Septemtrionalis
1202 2375 1507 2426 Hammonis

446 2448 650 2499 civitas.
716 2450 853 2499 Nam
895 2451 992 2501 Tou
1023 2451 1206 2516 priscis
1245 2451 1507 2503 Britannis

446 2539 653 2588 semper
672 2526 876 2576 civitas.

501 2602 641 2652 Olim
660 2603 891 2654 divinavi
913 2604 1173 2671 cinctosque
1189 2608 1380 2672 castris,
1400 2610 1504 2659 Aa·

448 2684 560 2729 tona
577 2683 623 2730 et
640 2681 1033 2747 Sabrimfluviis,
1050 2699 1111 2734 eo
1127 2699 1299 2749 sensu,
1316 2693 1378 2736 ut
1393 2686 1506 2736 hos-

448 2762 555 2806 tem
578 2750 782 2821 vagum,
816 2765 1132 2810 metuentem
1163 2776 1371 2826 pugnae,
1390 2777 1506 2827 par-

434 2833 543 2883 lim
565 2834 766 2896 castris,
786 2835 978 2899 partim
1008 2834 1305 2903 fluminibus
1335 2839 1512 2903 cinge-

448 2918 553 2972 ret,
575 2917 631 2960 et
650 2911 715 2961 ab
738 2910 899 2961 effusa
919 2913 1255 2978 populatione
1287 2921 1510 2965 arceret.

448 2988 553 3038 Sed
589 2988 812 3038 ludimus
846 2990 1030 3053 aleam,
1070 2990 1123 3038 in
1152 2990 1266 3039 loco
1288 2988 1512 3040 fortasse

448 3078 553 3115 non
575 3065 747 3129 pleno.
768 3065 975 3130 Lipsius.
1005 3066 1216 3126 Aaron,
1236 3064 1361 3116 fluv.
1395 3068 1508 3117 Neu

448 3142 603 3193 hodie
631 3149 869 3205 vocatur,
897 3142 985 3206 qni
1020 3157 1161 3206 saepe
1198 3143 1510 3192 recurrenti-

449 3221 549 3270 bus
571 3220 696 3285 ripis
734 3234 827 3284 per
865 3219 1171 3269 orientalem
1203 3218 1355 3282 hujus
1392 3233 1508 3283 pro-

448 3294 641 3347 vinciae
684 3302 880 3359 partem
934 3295 1035 3344 iter
1077 3295 1264 3344 habet:
1321 3280 1507 3345 fluvius

452 3387 577 3423 sane
596 3371 955 3434 nobilissimus,
984 3375 1058 3433 et,
1090 3369 1187 3419 nisi
1211 3383 1292 3419 me
1315 3369 1457 3434 fallo,
1478 3386 1510 3421 a

452 3449 693 3500 Romanis
713 3448 834 3497 olim
858 3446 1111 3511 praesidiis
1134 3447 1378 3497 munitus.
1422 3482 1431 3492 .

519 3525 650 3575 Cum
672 3525 808 3574 enim
833 3524 947 3588 jam
981 3523 1191 3572 citerior
1223 3523 1509 3575 Britannias

450 3619 573 3669 pars
595 3604 688 3654 sub
723 3603 941 3654 Claudio
976 3604 1031 3652 in
1053 3603 1400 3668 Romanorum
1421 3617 1512 3667 po-

455 3688 701 3731 testatem
722 3680 798 3730 ita
812 3680 1072 3743 cessisset,
1102 3686 1160 3728 ut
1194 3680 1282 3747 qui
1304 3694 1416 3743 eam
1438 3680 1513 3728 in-

453 3760 687 3809 colerent
743 3760 1087 3809 Romanorum
1122 3759 1252 3809 socii
1282 3758 1516 3809 diceren-

453 3842 560 3899 tur,
580 3843 637 3887 et
674 3836 948 3886 ulteriores
985 3835 1223 3885 Britanni
1249 3835 1437 3897 saepius
1459 3834 1515 3887 in

453 3912 635 3963 horum
659 3922 813 3976 agros
841 3909 1014 3973 effusi,
1041 3912 1211 3961 omnia
1239 3911 1513 3961 violentius

455 3992 729 4052 κραταιίς
780 3986 985 4052 ipsique
1023 3987 1151 4036 socii
1185 3984 1390 4035 facilius
1415 3986 1515 4036 Ro-

454 4077 719 4117 manorum
755 4063 975 4127 imperia
1012 4078 1167 4127 quam
1197 4062 1328 4112 vitia
1347 4061 1516 4112 feren·

457 4146 560 4202 tes,
603 4138 821 4188 subinde
882 4153 999 4188 cnm
1048 4138 1373 4189 ulterioribus
1415 4139 1518 4188 illis

1588 1538 1822 1605 Tacitus)
1854 1540 2031 1591 cinctos
2065 1540 2234 1590 castris
2252 1541 2491 1590 Antonium
2522 1540 2649 1608 (Au-

1572 1615 1722 1675 fonas
1741 1617 1989 1668 libentius
2028 1613 2268 1681 legerim)
2303 1621 2353 1667 et
2391 1615 2648 1668 Sasu—inam

1570 1691 1753 1756 fluvios
1770 1692 1981 1744 cohibere
1995 1695 2157 1757 parat.
2429 1717 2444 1730 ·

1652 1770 1772 1820 Hoc
1808 1776 1912 1833 est,
1931 1770 1986 1819 ni
2017 1769 2153 1819 male
2174 1767 2343 1833 capio,
2363 1768 2649 1819 munimen·

1588 1846 1656 1896 tis
1680 1846 1746 1895 ad
1767 1844 1949 1896 fluvios
1986 1844 2268 1909 dispositis,
2297 1843 2483 1894 statuit
2503 1843 2650 1894 coer·

1586 1936 1708 1972 cere
1731 1923 2009 1972 Britannos
2048 1920 2321 1971 ulteriores
2359 1924 2415 1969 et
2442 1919 2649 1982 provin·

1586 1998 1765 2060 ciales‚
1788 2010 1853 2046 ne
1875 2003 2077 2047 mutuas
2101 2008 2287 2060 operas
2311 1992 2366 2043 in
2389 1994 2646 2062 Romanos

1588 2072 1906 2123 traderent(
2267 2089 2276 2096 ·

1651 2152 1783 2206 Quis
1803 2150 1990 2203 fluvius
2017 2152 2104 2202 hic
2138 2152 2209 2202 sit
2230 2150 2487 2215 Awroru,
2505 2149 2651 2200 dixe·

1587 2226 1659 2277 rit
1711 2241 1880 2279 nemo.
1963 2226 2169 2291 Lipsius
2224 2231 2418 2275 nostrae
2477 2224 2649 2274 aetatis

1587 2302 1839 2365 Phoebus,
1863 2308 1954 2353 aut
1973 2304 2107 2353 hanc
2135 2300 2375 2352 nebulam
2415 2300 2650 2365 dispulit,

1587 2387 1680 2430 aut
1720 2380 1885 2430 nubes
1928 2394 2012 2430 me
2055 2394 2180 2429 sane
2239 2376 2476 2428 obduxit.
2563 2375 2650 2426 Ad

1587 2456 1974 2523 Northampton
1991 2455 2210 2522 digitum
2235 2452 2460 2505 intendit
2475 2453 2584 2503 ille.

1651 2533 1890 2584 Antonam
1912 2548 2007 2597 pro
2027 2533 2239 2596 Ausona,
2277 2531 2343 2581 ad
2374 2545 2527 2597 quem
2549 2531 2652 2579 sita

1585 2610 2023 2673 Northamptona‚
2069 2610 2122 2658 in
2154 2607 2394 2658 Tacitum
2427 2607 2650 2671 subrep—

1586 2687 1712 2736 sisse
1730 2687 1931 2750 opinor.
1997 2685 2102 2735 Hic
2122 2686 2258 2735 enim
2275 2684 2442 2735 Δυοπα
2465 2683 2516 2733 in
2539 2699 2655 2734 nm.

1586 2762 1743 2812 bilico
1777 2760 1958 2811 insulae
1994 2774 2225 2824 surgens,
2262 2760 2340 2809 ita
2369 2759 2437 2809 ad
2476 2766 2649 2809 ortum

1591 2839 1857 2902 tendit,·.et
1895 2837 2128 2901 ejusdem
2166 2836 2386 2885 nominis
2421 2835 2556 2884 alter
2577 2834 2652 2884 vi-

1590 2916 1736 2965 cinus
1769 2912 1895 2964 fluv.
1961 2912 2229 2963 Sabrinam
2267 2916 2471 2975 petens,
2492 2909 2568 2960 ita
2590 2924 2648 2960 se

1591 2993 1659 3042 ad
1698 3005 1939 3041 occasum
1974 2987 2198 3052 confert,
2225 2987 2443 3037 insulam
2487 2993 2652 3037 trans·

1588 3084 1791 3123 versam
1815 3073 2074 3129 secantes,
2098 3071 2157 3116 ut
2180 3066 2232 3115 in
2266 3064 2512 3115 Boreales
2534 3065 2650 3113 Bri-

1588 3146 1777 3197 tanniae
1809 3150 1985 3210 partes
2023 3141 2307 3193 transeunti
2328 3141 2460 3191 alter
2482 3154 2547 3189 ex
2568 3139 2648 3190 his

1588 3223 1658 3274 sit
1681 3221 1970 3272 necessario
1995 3217 2358 3269 transeundus.

1655 3299 1832 3365 Quare
1872 3291 2267 3347 cum.Ostorius
2300 3291 2570 3355 Sabrinam,
2593 3298 2651 3361 et

1589 3378 1685 3426 hos
1709 3373 1924 3434 Aufouas
1955 3369 2391 3431 communivisset,
2413 3383 2517 3418 non
2540 3374 2655 3417 erat

1591 3467 1685 3502 cur
1708 3467 1738 3500 e
1763 3449 1964 3511 wallia,
2001 3447 2084 3497 vel
2119 3443 2514 3515 septentrionali
2534 3443 2652 3493 Bri-

1593 3527 1783 3579 tanniae
1822 3527 1978 3591 plaga
2015 3522 2120 3573 suis
2159 3520 2401 3573 Romanis
2425 3526 2481 3569 et
2500 3519 2651 3576 sociis

1592 3605 1835 3664 timeret3
1884 3615 2004 3651 nam
2026 3614 2087 3649 eo
2108 3605 2340 3662 tempore
2363 3595 2650 3661 proximam

1593 3680 1776 3733 insulae
1798 3684 2002 3743 partem
2027 3673 2344 3727 solummodo
2373 3673 2426 3723 in
2445 3673 2657 3737 provin-

1590 3757 1690 3813 ,ciae
1724 3755 1941 3805 formam
1977 3751 2304 3815 redegerant,
2324 3756 2385 3798 ut
2408 3748 2656 3801 alibi-tes-

1595 3840 1740 3895 tatur
1762 3833 1873 3896 ipse
1893 3829 2119 3880 Tacitus.
2154 3825 2459 3876 Cambdenus.

1663 3908 1867 3969 Castris,
1881 3907 1933 3955 id
1955 3912 2057 3968 est,
2071 3902 2302 3953 castellis.-
2332 3915 2500 3967 neque
2517 3900 2654 3950 enIm

1595 3984 1870 4037 verisimile
1906 3988 2003 4046 est,
2025 3981 2154 4030 duos
2189 3978 2373 4030 fluvios
2403 3976 2658 4028 continuis

1597 4063 1781 4112 castris
1819 4056 2237 4118 circumdedisse,
2274 4060 2331 4103 et
2363 4068 2480 4102 cum
2518 4053 2658 4104 cohi-

1595 4139 1753 4191 beret
1769 4136 1970 4199 fluvios,
1989 4134 2138 4185 simul
2156 4139 2212 4182 et
2228 4129 2504 4204 cohibelqat
2524 4127 2660 4191 fero-

458 4214 852 4281 couspirarent3
919 4216 982 4267 Ρ.
1026 4214 1288 4299 Qstorius,
1325 4214 1522 4281 (inquit
1599 4229 1689 4268 ces
1711 4213 1946 4280 populos.
2010 4211 2168 4261 Forte
2205 4214 2379 4260 tamen
2399 4206 2566 4263 castris
2588 4204 2659 4269 le-
