3100 4925
511 358 686 470 1198

1221 414 1285 461 C.
1331 409 1689 464 CORNELI!
1738 409 1991 460 ‘morri

2388 413 2480 476 [A.
2503 412 2571 464 u.
2593 417 2715 464 sos.

1501 707 1714 759 NOTAE

578 857 687 908 Dio
719 856 984 920 eleganter
1014 854 1051 904 l.
1074 866 1168 903 m.
1203 852 1254 902 in
1297 857 1570 902 extremo:

513 936 529 965 ‘
557 933 735 984 Edixit
755 931 988 981 omnibus
1009 930 1355 991 senatoribus,
1366 943 1436 982 ne
1458 929 1573 993 quis

515 1025 692 1061 eorum
713 1007 1032 1072 peregrinari
1054 1011 1205 1055 extra
1227 1004 1433 1055 Italiam
1468 1006 1574 1054 rel-

510 1088 607 1149 let,
629 1086 828 1150 injussu
847 1084 1164 1149 permissuve
1182 1098 1274 1133 sno
1292 1103 1309 1149 ;
1340 1084 1478 1148 quod
1501 1084 1576 1135 in-

513 1162 795 1212 terdictum
825 1159 892 1210 ad
912 1161 1008 1209 boc
1030 1174 1193 1225 usque
1215 1161 1380 1210 'aivum
1404 1173 1574 1210 serva·

514 1237 660 1287 tum.’

580 1314 888 1375 Quanquam
930 1311 1197 1374 praeivisse
1230 1311 1295 1360 ad
1332 1312 1432 1361 hoc
1469 1310 1574 1361 fac-

513 1393 623 1436 tum
667 1386 904 1449 Augusto
945 1387 1116 1439 Julius
1154 1385 1395 1435 videtur:
1443 1386 1460 1413 ‘
1484 1386 1574 1450 qni

511 1463 702 1524 sanxit,
735 1478 800 1511 ne
837 1463 948 1528 quis
989 1461 1243 1511 senatoris
1280 1460 1438 1524 filius,
1475 1461 1575 1510 nisi

512 1539 895 1588 contubernalis
913 1543 1003 1587 aut
1024 1550 1194 1585 comes
1216 1536 1575 1600 Magistratus,

512 1628 734 1676 peregre
777 1612 1230 1676 proficisceretur,'
1276 1612 1350 1661 ait
1396 1612 1576 1662 Sueto·

512 1689 630 1739 nius
653 1702 701 1738 c.
722 1693 805 1739 42.
827 1689 914 1737 ubi
935 1688 1095 1738 libido
1117 1688 1241 1737 mibi
1270 1688 1497 1751 legendi,
1514 1704 1575 1738 ne

510 1766 617 1828 quis
646 1770 834 1814 aendor
860 1765 1148 1814 maiorisve
1168 1765 1309 1830 filius
1320 1779 1340 1822 ,⁶
1372 1765 1415 1813 si
1437 1765 1575 1814 enim

496 1840 625 1905 filiis
645 1840 997 1903 interdictum,
1020 1839 1179 1903 major
1211 1839 1343 1890 ratio
1360 1846 1422 1890 ¹ut
1443 1853 1575 1889 sena-

512 1917 694 1967 toribus
711 1916 851 1980 ipsis.

581 1992 644 2042 In
659 2008 755 2041 usu
771 1999 964 2053 autem,
982 1999 1040 2040 ut
1058 1996 1336 2042 emeatus
1355 1992 1581 2056 peregri-

472 2127 475 2130 ·
508 2067 673 2116 nandi
695 2081 726 2115 a
748 2067 957 2128 Caesare
976 2081 1037 2115 ac
1058 2072 1238 2115 senatu
1259 2072 1576 2128 peterentur.

514 2141 729 2192 Sueton-
774 2141 941 2203 Calig.
997 2154 1046 2191 c.
1088 2144 1172 2190 29.
1225 2144 1240 2168 ‘
1265 2140 1579 2189 Praetorium

514 2216 681 2267 πίε-11111
692 2231 766 2265 ex
787 2229 996 2265 secessu
1013 2214 1282 2279 Anticyra!
1304 2216 1581 2278 propagari

514 2293 617 2342 sibi
660 2298 1000 2343 commeatum
1043 2290 1233 2354 soepius
1284 2290 1583 2339 desideran-

515 2375 645 2431 tem,
689 2383 806 2418 cum
850 2366 1143 2416 mandasset
1192 2366 1436 2428 interim,’
1479 2369 1581 2417 &c.

516 2459 620 2510 quo
655 2446 772 2495 loco
805 2444 1001 2508 rejecta
1035 2443 1220 2494 vocula
1256 2442 1576 2506 scripserm,

516 2521 805 2569 Pretorium
823 2520 979 2568 viram
1000 2533 1180 2568 secessu
1199 2519 1319 2569 Ant.

578 2594 683 2645 Sed
708 2593 952 2643 Claudius
974 2607 1006 2642 a
1028 2607 1084 2642 se
1102 2594 1212 2642 solo
1243 2593 1297 2641 id
1330 2593 1439 2657 peti
1475 2594 1578 2658 pri·

516 2684 633 2720 snus
655 2669 899 2719 instituit.
963 2669 1178 2718 Sueten.
1215 2682 1263 2718 c.
1285 2672 1369 2718 2⁸.
1391 2668 1577 2719 subob-

515 2757 703 2794 scuret
749 2744 767 2772 ⁴
792 2744 1123 2795 Commeatus
1168 2758 1200 2792 a
1236 2749 1423 2793 senatu
1465 2743 1578 2806 peti

516 2821 696 2869 solitos
719 2819 795 2869 sui
817 2819 1053 2869 beneficii
1088 2818 1216 2868 fecit
1234 2823 1266 2867 ε’
1296 2819 1380 2868 cui
1407 2818 1577 2867 lucem

515 2895 585 2945 do
599 2910 670 2944 ex
692 2895 890 2944 Dione:
925 2896 943 2923 ‘
968 2895 1278 2945 Petentibus
1300 2901 1449 2944 extra
1469 2895 1576 2944 Ita»

516 2971 637 3020 liam
670 2971 822 3020 eundi
853 2976 1334 3034 commeatum‚.per
1370 2984 1427 3039 se
1459 2984 1580 3020 con-

516 3045 692 3107 cessit,
712 3052 900 3094 senatu
917 3059 1020 3093 non
1038 3046 1308 3092 consulto:
1342 3044 1478 3108 quod
1502 3051 1578 3094 ta-

514 3133 636 3168 men
661 3126 719 3169 nt
739 3121 857 3182 lege
885 3119 1058 3182 aliqua
1089 3117 1263 3168 facere
1295 3118 1579 3185 videretur,

509 3194 667 3256 jussit
688 3208 846 3258 snper
877 3207 944 3244 ea
969 3208 1025 3243 re
1047 3193 1235 3244 confici
1253 3201 1463 3244 senatus
1486 3194 1579 3245 de·

519 3268 759 3319 cretum.’

579 3345 716 3394 Vide
739 3351 795 3394 et
816 3346 851 3395 l.
874 3357 1021 3394 xxu.
1091 3344 1172 3394 Ad
1195 3345 1578 3409 municipalem,

514 3425 670 3484 atque
706 3419 758 3469 in
797 3419 973 3482 primis
1014 3420 1393 3482 cassiodorum,
1438 3420 1576 3483 apud

515 3509 669 3558 quem
708 3510 960 3558 expressa
999 3495 1219 3545 formula
1260 3496 1374 3560 ipsa
1419 3496 1578 3546 dandi

512 3571 661 3634 liujus
679 3587 772 3635 per
791 3571 1074 3636 principem
1089 3578 1419 3637 commeatus,
1433 3573 1471 3622 l.
1486 3587 1575 3622 111.

516 3646 705 3696 variar.
727 3647 878 3710 epist.
900 3651 985 3696 21.

579 3720 846 3785 Augustus
866 3718 1036 3770 tamen
1055 3721 1107 3770 in
1130 3723 1228 3772 hoc
1251 3722 1462 3773 decreto
1482 3739 1575 3775 suo

512 3795 738 3846 Siciliam
757 3803 1070 3859 exceperat:
1107 3797 1244 3846 sieut
1265 3812 1400 3847 nunc
1424 3800 1578 3849 Clau-

514 3870 629 3920 dius
652 3871 1060 3935 Narbonensem,
1080 3872 1202 3937 quia
1216 3880 1439 3938 utraque
1458 3890 1576 3938 pro-

513 3946 687 3996 vincia
729 3946 916 4007 vicina,
959 3952 1017 3996 et
1069 3948 1213 4011 quasi
1267 3949 1576 4002 suburbana.

515 4022 655 4071 Dio:
688 4023 705 4050 ‘
730 4023 965 4085 Excepta
981 4022 1115 4071 enim
1132 4023 1308 4071 Sicilia
1324 4031 1381 4073 et
1402 4025 1576 4075 Gallia

514 4095 1114 4161 Narbonensi,nusquam
1133 4098 1233 4148 alio
1253 4101 1575 4164 peregrinari

511 4171 744 4223 maturi
758 4169 846 4220 fas
866 4171 983 4223 est)

581 4246 668 4298 Ad
709 4248 808 4299 boe
852 4248 1194 4301 Claudianum
1243 4250 1574 4307 interdictum

1652 850 1883 914 respexit
1911 849 2117 911 Snidas,
2153 848 2250 898 etsi
2285 847 2338 897 id
2373 849 2526 911 paulo
2564 846 2714 898 aliter

1654 924 1824 988 effert,
1844 926 1897 974 in
1914 923 2161 975 κλαύδως.
2183 922 2306 974 Ait:
2330 925 2345 952 ‘
2365 925 2557 987 Legem
2576 923 2717 986 tulit,

1652 1016 1720 1051 ne
1742 1001 1825 1051 cui
1856 1001 2081 1051 senatori
2112 1000 2255 1050 abire
2286 1000 2415 1050 urbe
2454 999 2521 1049 ad
2556 999 2715 1064 septi-

1654 1093 1794 1128 mum
1816 1077 2040 1141 lapidem
2074 1075 2154 1126 fas
2189 1083 2345 1139 esset,
2370 1076 2619 1142 principis
2641 1076 2718 1124 in·-

1643 1152 1828 1220 jussu.’
1894 1153 2106 1216 Lipsius.

1717 1229 2021 1279 Senator-ibas
2063 1229 2161 1290 ejus
2207 1225 2487 1291 provincia]
2542 1226 2717 1291 Igitur

1654 1311 1765 1355 tum
1786 1311 1995 1356 senatus
2029 1305 2159 1354 tales
2194 1308 2513 1352 commeatus
2536 1316 2719 1352 conce-

1654 1387 1814 1436 debat
1834 1403 1846 1435 :
1871 1392 1926 1436 et
1944 1391 2135 1446 tamen,
2151 1389 2292 1432 teste
2309 1384 2516 1432 Sueton.
2531 1382 2719 1432 Claud.

1651 1467 1735 1511 2³.
1770 1463 1787 1492 ‘
1813 1462 2141 1512 commeatus
2157 1473 2189 1507 a
2207 1463 2388 1508 senatu
2404 1457 2515 1521 peti
2538 1458 2717 1509 soiitos

1655 1537 1733 1587 sui
1753 1536 1991 1587 beneficii
2013 1534 2177 1584 fecit?
2228 1535 2300 1583 Et
2322 1532 2481 1596 forte,
2505 1533 2624 1597 quia
2643 1535 2721 1583 la·

1653 1611 1757 1662 tius
1778 1619 2021 1660 extensos
2055 1625 2087 1659 a
2117 1615 2300 1659 senatu
2335 1610 2464 1659 tales
2498 1621 2720 1660 comme·

1655 1693 1769 1737 atus
1792 1696 1846 1736 et
1868 1677 2018 1735 facile
2051 1685 2265 1735 concedi
2288 1684 2421 1735 vidit
2442 1685 2719 1748 Clandins3

1655 1769 1711 1812 et
1748 1763 2003 1813 intererat
2040 1761 2308 1825 principis,
2329 1767 2387 1809 ut
2418 1760 2620 1811 nobiles
2655 1775 2719 1811 ac

1657 1852 1902 1903 proceres
1935 1838 2093 1887 ltalia
2142 1837 2335 1901 injussu
2365 1836 2504 1886 illius
2539 1837 2719 1901 egredi

1651 1929 1759 1963 non
1776 1919 2005 1977 possent.

1721 1990 1861 2039 Hinc
1886 1988 2023 2037 idem
2043 1988 2288 2039 Claudius
2311 1987 2448 2051 apud
2469 1988 2616 2038 Suet.
2640 1993 2720 2040 16.

1654 2063 1671 2094 ⁸
1694 2064 2018 2128 Notavitque
2042 2066 2227 2113 multos
2255 2073 2311 2114 et
2344 2065 2590 2129 quosdam
2613 2064 2723 2116 ino·

1655 2139 1918 2203 pinantes,
1956 2147 2011 2190 et
2045 2154 2113 2189 ex
2151 2154 2306 2189 causa
2344 2140 2464 2188 novi
2502 2140 2722 2204 generis,

1658 2214 1799 2278 quod
1820 2228 1876 2264 se
1893 2214 2078 2278 inscio,
2097 2229 2159 2264 ac
2191 2215 2302 2264 sine
2336 2222 2651 2279 commeatu,
2671 2217 2724 2278 12

1657 2291 1784 2340 talia
1805 2290 2185 2340 excessissent:
2222 2290 2482 2354 quendam
2499 2289 2643 2354 vero,
2665 2297 2724 2342 et

1659 2366 1798 2431 quod
1820 2380 1992 2416 comes
2004 2367 2137 2430 regis
2155 2367 2207 2415 in
2233 2367 2500 2430 provincia
2521 2366 2724 2432 fnisset,
2825 2373 2848 2390 ⁰

1658 2441 1890 2492 referens
1926 2443 2179 2506 majorum
2213 2442 2551 2506 temporibus,
2571 2443 2725 2493 Rabi·
2809 2506 2816 2511 -

1658 2518 1737 2567 rio
1792 2519 2062 2580 Postumo,
2115 2517 2456 2567 Ptolemaeum
2497 2516 2723 2567 Alexan·

1659 2594 1841 2658 (iriam,
1863 2592 2053 2643 crediti
2092 2592 2333 2642 servandi
2371 2607 2545 2655 causa,
2576 2608 2724 2643 secu·

1658 2677 1734 2731 to,
1776 2670 2065 2734 majestatis
2104 2668 2299 2718 crimen
2344 2668 2484 2732 apud
2516 2668 2723 2731 judices

1657 2745 1887 2796 motum-³

1722 2822 1793 2871 Et
1813 2826 1964 2885 puto,
1999 2833 2062 2870 ea
2095 2820 2344 2870 severitas
2375 2821 2565 2871 exhinc
2588 2823 2723 2883 orta,

1657 2897 1796 2961 quod
1825 2903 2033 2947 senatus
2068 2903 2253 2960 suapte
2286 2903 2472 2960 sponte
2506 2896 2558 2945 id
2582 2898 2723 2960 juris

1658 2973 1817 3021 etiam
1847 2973 2036 3023 Galliae
2076 2973 2402 3022 Narbonensi
2440 2973 2723 3023 concessis-

1657 3055 1742 3097 set
1775 3055 1834 3098 ut
1870 3049 2162 3098 inconsulto
2201 3048 2435 3111 principe
2472 3049 2724 3099 abessent.

1658 3123 1763 3173 Dio
1786 3123 1822 3170 1.
1850 3136 1936 3173 Lx.
1968 3124 1984 3152 ⁴
2008 3124 2293 3172 Decretum
2318 3123 2426 3186 jam
2468 3129 2588 3172 ante
2611 3121 2724 3173 fne-

1660 3205 1763 3261 rat,
1782 3205 1843 3249 ut
1876 3199 1962 3248 alii
1983 3205 2103 3262 post
2122 3199 2251 3250 alios
2277 3198 2410 3247 citra
2427 3200 2723 3249 excusatio-

1659 3289 1778 3323 nem
1800 3281 1940 3324 sorte
1964 3276 2018 3323 in
2042 3273 2334 3337 provincias
2367 3274 2722 3337 mitterentur,

1661 3363 1723 3399 ac
1761 3362 1828 3398 ne
1867 3349 1980 3413 quis
2017 3356 2209 3398 exacto
2244 3347 2433 3410 officio,
2464 3350 2615 3399 aliam
2653 3366 2721 3401 ex

1657 3424 1759 3473 alia
1803 3424 2268 3487 peregrinationem
2310 3424 2619 3488 susciperet,
2655 3439 2721 3474 ne

1653 3500 1903 3550 ¹videlicet
1946 3500 2159 3562 delicta,
2201 3501 2283 3549 vel
2337 3500 2581 3564 imperiis,
2633 3500 2720 3549 vel

1656 3574 2162 3638 peregrinationibus
2188 3575 2590 3636 continentibus,
2626 3574 2720 3623 im·
2739 3596 2754 3605 ,

1655 3651 1842 3713 punita·
1857 3649 2231 3701 redderentur:
2267 3664 2444 3700 verum
2484 3651 2722 3699 exoleve-

1655 3725 1889 3788 ratjam.’

1720 3801 1790 3848 Et
1834 3797 2003 3849 infra:
2057 3799 2074 3828 ‘
2100 3792 2203 3852 ‘Qui
2247 3800 2717 3863 peregrinationem

1655 3882 1806 3923 extra
1845 3875 2052 3925 Italiam
2091 3875 2363 3939 petebant,
2394 3875 2720 3925 concedebat

1657 3951 1866 4015 quidem
1890 3950 1972 4012 iis,
1993 3964 2094 3999 non
2116 3952 2354 4000 consulto
2389 3958 2602 3999 senatu:
2640 3956 2716 4000 ta-

1654 4039 1778 4074 men
1811 4031 1870 4074 ut
1891 4026 2004 4088 lege
2025 4025 2214 4074 abesse⁴
2227 4025 2546 4089 viderentur,
2559 4024 2714 4088 jube*

1655 4099 1749 4149 bat
1770 4101 2265 4150 senatusconsultum
2287 4100 2435 4150 fieri?

1726 4174 1792 4222 Ue
1812 4175 2218 4236 senatoribus&
2243 4175 2530 4238 provincie]
2557 4174 2720 4239 Apud

1653 4249 1950 4303 Suetonium
1969 4252 2051 4301 42.
2072 4250 2245 4302 Julius
2266 4252 2282 4279 ‘
2299 4251 2489 4315 sanxit,
2512 4263 2580 4300 ne
2599 4250 2715 4316 qui-s
