3100 4925
440 394 614 460 1366

1155 398 1236 460 cf
1267 399 1629 456 connum!
1678 399 1933 453 ratur!

2328 403 2418 472 [Δ.
2443 374 2510 460 n.
2529 397 2645 458 sos.

433 551 743 618 sallinam
766 555 831 614 et
857 550 1122 614 Silium.
1209 545 1428 614 Pares'
1473 550 1713 614 iterum
1743 545 2149 611 accusandi*
2190 557 2433 612 causas
2470 565 2645 626 esse,

449 718 623 784 natam
643 713 998 763 Messallinam
1020 719 1077 761 et
1097 711 1297 762 Silium.
1361 710 1442 761 Ac
1466 727 1619 776 pares
1646 725 1822 760 rursus
1862 707 2137 760 deferendi
2171 708 2434 759 foeminam
2468 676 2649 760 causas

1445 841 1657 891 NOTAE

387 961 396 970 ’
442 969 658 1031 lantem,
687 969 877 1034 ‘pares
916 984 1094 1020 causas
1121 986 1256 1033 esse,
1296 973 1339 1021 si
1363 973 1509 1022 Nero

441 1048 770 1110 imperitaret
791 1046 823 1107 3'
858 1047 911 1095 id
936 1055 1040 1111 est,
1077 1049 1120 1097 si
1142 1049 1361 1112 imperio
1392 1063 1510 1111 pro-

442 1123 562 1186 pius
581 1123 960 1184 admoveretur.

489 1188 628 1245 ‘Nec
673 1204 819 1245 certe
862 1196 1113 1246 defuisset
1157 1199 1334 1248 Caesar
1378 1199 1508 1261 ipse,

443 1272 855 1337 ¹castigassetque
896 1274 1256 1336 impotentiam
1312 1281 1368 1323 et
1421 1272 1509 1322 fla-

415 1348 572 1409 ·gitia
611 1349 806 1410 uxoriS,
850 1354 907 1396 ut
948 1355 1099 1410 patet
1144 1364 1210 1396 ex
1256 1363 1318 1396 ea
1360 1362 1509 1408 voce,

445 1440 597 1487 quam
621 1426 970 1487 temulentus,
993 1426 1129 1474 serio
1169 1431 1361 1485 tamen,
1396 1439 1513 1488 pro-

446 1499 724 1562 nuntiavit,
757 1501 1094 1564 praemonitus
1130 1501 1267 1548 haud
1302 1500 1456 1548 dubie
1480 1517 1511 1549 a

445 1576 636 1625 liberto
660 1591 752 1625 suo
793 1577 1057 1635 Narcisso,
1092 1576 1184 1625 sed
1223 1591 1422 1624 veneno
1445 1576 1509 1624 ab

447 1650 534 1701 illa
557 1657 857 1713 praeventus
879 1658 976 1701 est.

514 1726 587 1776 At
609 1728 650 1775 si
676 1721 1005 1775 Britannicus
1046 1727 1371 1789 succederet,
1389 1727 1510 1775 hac-

449 1808 599 1850 tenus
641 1802 769 1850 nihil
806 1802 873 1850 de
913 1803 1011 1851 hoc
1055 1803 1291 1866 principe
1312 1818 1368 1851 se
1404 1817 1510 1851 me-

446 1877 632 1936 ruisse,
671 1883 900 1926 attamen
935 1891 1070 1926 nuuc
1102 1878 1235 1925 bene
1278 1878 1509 1926 merendi

451 1945 552 2000 sibi
594 1952 708 2000 dari
753 1953 1091 2014 occasionem,
1139 1954 1260 2016 quia
1301 1968 1511 2001 novere-ce

441 2028 639 2076 insidiis
679 2028 855 2075 domus
902 2028 1065 2075 omnis
1109 2030 1510 2090 convelleretur,

441 2104 644 2166 majore
719 2102 917 2166 flagitio
976 2117 1128 2166 quam
1197 2103 1510 2151 Messallinae

449 2178 608 2238 olim3
643 2185 699 2227 et
719 2193 786 2225 ne
809 2193 943 2226 nune
976 2177 1319 2240 impudicitiam
1356 2178 1514 2226 etiam

447 2254 625 2316 abesse,
661 2255 879 2302 Pallante
914 2256 1147 2315 adultero,
1186 2260 1245 2302 ut
1286 2258 1339 2301 et
1361 2261 1516 2301 antea

445 2326 594 2390 ¹Silio,
616 2336 672 2379 et
709 2329 1047 2392 Agrippinam
1067 2331 1311 2392 pudorem,
1328 2343 1515 2394 corpuS,

448 2405 628 2453 'omnia
648 2420 795 2468 regno
818 2406 986 2453 viliora
1006 2405 1189 2454 habere.

503 2483 633 2532 Quae
653 2481 850 2543 flagitia
861 2497 1087 2542 novercae,
1109 2496 1225 2545 quae
1242 2482 1375 2543 mala
1392 2496 1513 2529 con-

448 2560 581 2622 silia,
602 2560 645 2607 si
683 2558 912 2608 deferret
936 2558 1368 2621 subverteretque
1403 2573 1512 2607 rur-

453 2651 538 2684 sus
584 2635 879 2696 Narcissus,
921 2648 1058 2683 nunc
1102 2633 1168 2681 de
1209 2633 1508 2681 Britannico

344 2728 358 2733 ·
449 2713 586 2761 bene
609 2726 664 2761 se
684 2711 1004 2760 meriturum.
1059 2712 1074 2738 ⁴
1101 2710 1230 2758 Haec
1247 2709 1512 2772 dictitans,

447 2786 698 2849 amplecti
720 2786 1094 2845 Britannicum,
1117 2782 1234 2834 &c.'

515 2871 542 2908 ε
576 2865 726 2913 Pares
743 2863 920 2912 iterum
958 2861 1226 2922 accusandi]
1292 2859 1379 2909 Ita
1398 2860 1508 2910 baec

453 2938 818 3001 distinguenda
887 2944 1037 2986 sunt:
1103 2936 1204 2984 etsi
1270 2941 1513 2997 suspecta

445 3013 644 3062 mendi.
708 3012 948 3074 Lipsius„

443 3106 448 3109 ·
517 3089 672 3138 Pares
711 3087 910 3148 iter-um]
976 3087 1139 3134 Pares
1182 3086 1374 3134 iterum
1393 3099 1512 3133 can-

441 3177 536 3213 sas
579 3176 696 3212 ease
749 3161 1050 3217 accusandi.
1070 3160 1431 3225 Agrippinam,
1457 3163 1512 3231 ’si

454 3239 602 3289 Nero
639 3238 938 3301 imperaret,
977 3238 1099 3301 quia
1139 3245 1197 3287 ut
1229 3239 1515 3299 imperaret

443 3315 562 3378 ille,
627 3313 917 3378 Agrippina
971 3315 1298 3363 convellebat
1351 3320 1513 3362 totam

456 3391 665 3441 donnum
684 3391 953 3454 principis,
974 3395 1029 3438 et
1052 3390 1390 3438 insidiabatur
1412 3389 1514 3452 ipsi

451 3468 669 3531 Goesari,
692 3476 754 3518 et
769 3467 891 3532 quia
913 3468 965 3516 iu
1004 3467 1060 3516 id
1098 3468 1363 3530 impudica
1396 3472 1514 3515 erat

452 3543 696 3594 Pallante
712 3543 966 3605 adultero,
984 3551 1042 3593 ut
1059 3542 1361 3591 Messallina
1371 3542 1515 3604 Silio,

445 3626 512 3668 et
532 3620 608 3668 sic
649 3635 786 3682 pares
820 3620 1008 3668 iterum
1043 3617 1321 3666 accusandi
1357 3631 1519 3664 causas

441 3695 692 3756 -rediisse,
723 3696 768 3743 si
810 3696 943 3743 Nero
970 3695 1285 3756 imperitaret.
1350 3690 1513 3739 Intel-

452 3772 577 3834 lige,
620 3772 661 3817 si
705 3784 934 3830 consors,
974 3769 1017 3817 si
1059 3768 1259 3828 collega
1309 3766 1515 3828 imperii

445 3846 824 3911 destinaretur,
842 3859 933 3893 seu
955 3842 1299 3892 ascisceretur
1318 3857 1348 3890 a
1363 3842 1513 3891 Clau·

445 3921 559 3972 dio.

443 4023 451 4028 -
507 3990 618 4049 'Vel
635 4004 776 4063 pares
795 3998 967 4048 iterum
987 3996 1239 4046 accusandi
1257 4010 1438 4058 causas,
1470 3996 1515 4043 si

445 4074 601 4126 -Nero
623 4074 969 4138 imperitaret,
992 4074 1111 4137 quia
1150 4074 1217 4122 ob
1248 4074 1302 4122 id
1336 4086 1521 4136 perpe-

443 4159 548 4203 ·tno
563 4151 948 4201 dominantibus
966 4150 1309 4200 insidiabatur
1325 4148 1514 4212 Agrip·

439 4231 674 4306 pinastt
696 4229 816 4295 quia
849 4229 1111 4306 impudica
1144 4228 1335 4279 iterum
1356 4227 1516 4277 soemi-

1591 986 1674 1035 na,
1696 971 1937 1020 Pallante
1978 970 2232 1031 adultero,
2269 968 2402 1033 quod
2435 965 2649 1029 impium

1591 1048 1640 1095 in
1668 1047 1972 1110 principem,
1994 1047 2130 1110 quod
2153 1045 2414 1094 exitiabile
2430 1041 2652 1106 principi

1591 1131 1645 1171 et
1680 1121 2012 1184 principatui.
2081 1121 2184 1170 Sed
2219 1121 2402 1168 melior
2441 1131 2648 1167 sensns:

1590 1197 1710 1259 quia
1748 1197 2076 1245 insidiaretur
2112 1195 2403 1258 Agrippina
2437 1191 2652 1243 Claudio

1592 1279 1646 1320 et
1669 1272 1793 1332 filio,
1816 1280 1872 1319 nt
1894 1287 2078 1336 nempe
2101 1272 2383 1334 imperaret
2404 1270 2565 1318 Nero.

1662 1349 1811 1397 Pares
1829 1349 1999 1397 iterum
2018 1347 2266 1397 accusandi
2287 1361 2449 1395 causas
2466 1358 2579 1405 esse,
2611 1343 2655 1391 si

1596 1425 1727 1473 Nero
1752 1425 2070 1488 imperitaret]
2126 1424 2227 1475 Qui
2246 1430 2304 1472 et
2328 1436 2431 1486 qua
2448 1420 2650 1470 ratione

1593 1508 1801 1550 accuset
1844 1502 2061 1550 libertus
2110 1502 2268 1549 etiam
2315 1497 2652 1561 Agrippinam

1590 1584 1824 1640 matrem,
1858 1578 1901 1624 si
1944 1579 2086 1625 Nero
2128 1575 2428 1637 imperitet?
2493 1572 2654 1621 Certe

1590 1652 1712 1715 quia
1737 1654 1790 1700 in
1824 1651 1877 1699 id
1915 1667 2010 1714 par
2048 1643 2395 1714 impudicitia,
2417 1663 2511 1711 par
2552 1662 2656 1697 am·

1592 1728 1718 1776 bitio
1742 1726 1871 1791 Agri
1882 1728 2052 1790 ppinae
2075 1742 2136 1775 ac
2158 1728 2213 1775 M
2220 1726 2489 1775 essallinae.

1656 1805 1757 1853 Sed
1790 1805 1877 1868 qui
1917 1809 2128 1852 accuset
2163 1807 2383 1851 matrem
2423 1800 2561 1863 apud
2587 1796 2656 1848 *fi-

1589 1882 1714 1929 lium
1767 1881 2074 1944 principem,
2120 1879 2259 1942 apud
2300 1878 2580 1939 Neronem,
2613 1876 2657 1925 si

1591 1956 1911 2017 imperaret?
1968 1970 2086 2002 nam
2152 1952 2263 2001 fere
2321 1963 2424 2000 non
2476 1951 2658 2000 habuit

1594 2030 1732 2079 aliud
1756 2031 1949 2078 crimen
1971 2037 2153 2089 mater,
2188 2042 2339 2093 quam
2364 2027 2542 2075 datum
2564 2026 2656 2073 im-

1595 2106 2012 2167 periumNeroni
2033 2104 2157 2165 filio,
2181 2110 2236 2152 et
2259 2103 2324 2152 ob
2345 2102 2399 2150 id
2434 2099 2654 2164 impudi-

1595 2182 1714 2229 citia
1735 2181 1866 2243 ipsa.
1912 2181 2040 2229 Tac.
2075 2185 2089 2208 ‘
2119 2180 2246 2228 nihil
2284 2176 2660 2238 domiimpndi-

1594 2271 1729 2316 cum,
1751 2257 1848 2305 nisi
1871 2263 2116 2321 quantum
2139 2254 2475 2304 dominationi
2497 2266 2654 2316 expe-

1596 2332 1764 2383 diret!
2393 2368 2399 2373 -
2540 2341 2549 2349 “
2584 2346 2592 2350 ·
2628 2337 2635 2351 ‘

1661 2409 1818 2456 Forte
1837 2407 1920 2456 hic
1960 2422 2137 2455 sensus
2173 2406 2274 2455 sit:
2309 2419 2448 2470 pares
2482 2404 2656 2453 iterum

1591 2485 1843 2532 accusandi
1885 2498 2068 2543 causas,
2107 2483 2149 2532 si
2188 2483 2300 2546 quis
2342 2481 2579 2542 auderet,
2611 2479 2657 2528 si

1592 2559 1854 2608 vindicare
1907 2560 2070 2608 vellet
2123 2557 2386 2611 Claudius.
2452 2556 2653 2619 Supra:

1597 2638 1612 2663 ⁸
1629 2635 1807 2682 Fatale
1829 2635 1926 2682 sibi
1952 2641 2007 2683 ut
2023 2635 2300 2697 conjugum
2323 2631 2520 2695 flagitia
2552 2630 2657 2680 fer·

1588 2719 1690 2772 ret,
1728 2711 1847 2758 dein
1888 2710 2097 2772 puniret
2119 2709 2148 2769 ;'
2200 2704 2276 2757 vel
2310 2722 2450 2771 pares
2479 2707 2654 2755 iterum

1585 2785 1856 2844 accusandi,
1875 2800 2041 2832 causas
2074 2796 2206 2839 esse3
2236 2789 2456 2831 niatrem
2492 2781 2655 2830 etiam
2726 2780 2735 2785 '

1585 2861 1730 2924 apud
1750 2860 1929 2921 filium,
1951 2861 2071 2923 quia
2099 2860 2380 2921 impudica,
2394 2859 2658 2922 quiavam-

1588 2937 1780 2986 bitiosa
1801 2937 2003 2997 mulier,
2028 2951 2147 3000 quae
2180 2935 2351 2984 ‘filium
2377 2936 2547 2998 ipsum
2560 2935 2659 2983 im-

1592 3012 1907 3074 peritantem
1928 3013 2153 3061 tolerare
2175 3011 2440 3076 nequibat,
2463 3025 2580 3075 qua·
2603 3016 2658 3059 et

1590 3087 1660 3135 de
1697 3086 1842 3136 factu
1879 3097 2064 3151 postea
2102 3096 2350 3137 accusata
2384 3094 2484 3149 est,
2520 3087 2659 3136 velle

1588 3163 1785 3211 amasio
1803 3177 1895 3211 suo
1910 3163 2118 3212 Plautio
2136 3163 2347 3211 tradere
2367 3162 2658 3224 imperium·-

1661 3238 1807 3288 Infra
1853 3239 1887 3286 l.
1935 3251 2061 3287 xnr.
2108 3243 2187 3288 19.
2253 3240 2269 3266 ‘
2301 3237 2656 3287 Destinavisse

1587 3330 1709 3365 eam
1735 3315 2030 3365 Rubellium
2059 3315 2307 3362 Plautum
2346 3329 2444 3376 per
2474 3319 2659 3361 mater·

1594 3408 1714 3441 nam
1732 3392 1981 3455 originem
2020 3391 2134 3453 pari
2158 3390 2402 3440 ac‘Nero
2439 3388 2603 3452 gradu
2624 3404 2658 3437 a

1600 3469 1736 3517 Di-vo
1755 3467 1992 3531 Augusto
2015 3468 2080 3516 ad
2099 3481 2180 3514 res
2200 3480 2360 3514 novas
2379 3466 2659 3524 extollere,

1592 3543 2072 3608 conjugioque-ejus
2095 3543 2251 3591 etiam
2268 3542 2484 3605 imperio
2504 3541 2660 3590 Rem-

1594 3621 1719 3684 pub.
1746 3634 1920 3669 rursus
1941 3618 2221 3667 invadere!

1662 3696 1732 3743 Et
1750 3695 1989 3744 ibid.·21.
2021 3693 2135 3756 ipsa
2176 3691 2466 3755 Agrippina
2487 3692 2561 3741 sic
2580 3692 2656 3742 lo·

1590 3769 1805 3834 quitur:
1864 3771 1880 3799 ‘
1896 3770 1951 3818 Si
2001 3770 2211 3817 Plautus
2248 3775 2339 3816 aut
2362 3768 2494 3831 -quis
2520 3768 2654 3817 alius

1588 3846 1854 3909 Rempnb.
1882 3844 2209 3908 judicaturus
2242 3843 2547 3904 obtinuerit,
2565 3843 2657 3892 de-

1595 3929 1717 3971 sunt
1734 3922 1936 3971 scilicet
1952 3921 2070 3968 mihi
2086 3927 2435 3979 accusatores,
2452 3919 2540 3982 qni
2554 3931 2660 3966 non

1597 3998 1759 4047 verba
1782 3996 2107 4059 impatientia
2126 3995 2357 4044 caritatis
2376 3993 2657 4057 aliquando

1594 4074 1824 4134 incauta,
1867 4071 1961 4121 sed
2012 4086 2080 4120 ea
2121 4071 2345 4120 crimina
2386 4068 2658 4132 objiciant,

1584 4148 1779 4212 -quibus
1814 4146 1913 4196 nisi
1933 4143 2094 4196 atilio
2126 4150 2294 4195 mater
2316 4143 2517 4195 absolvi
2553 4156 2656 4193 non

1586 4238 1805 4289 possum
1821 4225 1852 4274 ε’
