3100 4925
375 459 432 515 J·
456 462 519 514 O.
542 458 656 525 50.)
693 463 698 470 ’

1073 453 1485 506 ANNALIUM
1534 454 1680 505 LIB.
1728 453 1907 505 xm.

2419 425 2661 509 1603‘

380 605 597 663 torum
647 598 1183 673 circumsteterat,
1235 597 1686 679 poscebatque
1731 603 1752 632 ‘
1790 603 2049 681 tempus
2101 599 2587 665 evocandorum

383 699 705 765 testium?
748 718 898 761 reus
929 698 1157 762 ‘illico
1188 698 1489 774 defendi,'
1518 700 1922 780 postulabat.

2012 698 2379 782 Valuitque
2400 708 2420 747 ³
2465 722 2585 784 pe-

387 803 662 865 cuniosa
694 796 1004 863 orbitate¹
1044 807 1108 864 et
1136 806 1420 876 senecta,
1449 819 1652 881 quam
1687 801 1860 865 ultra
1885 801 2089 864 vitam
2119 802 2406 866 eorum*
2433 822 2585 884 pro·-

387 900 603 979 duxit,
636 922 911 984 quorum
940 902 1233 965 ambitu⁵
1278 906 1607 965 evaserat.
1611 909 1653 936 ¹¹¹

476 1005 583 1067 53.
632 1002 897 1079 Quietae
966 1002 1051 1065 ad
1124 1001 1195 1064 id
1268 1008 1528 1084 tempus
1598 1023 1704 1066 res
1764 1004 1832 1065 in
1896 1003 2255 1068 Germania
2309 1004 2588 1082 fuerant,

389 1104 653 1185 ingenio
721 1104 1012 1179 Ducum,
1073 1104 1214 1184 qui,
1282 1104 1687 1185 pervulgatis
1775 1105 2089 1187 triumphi
2164 1105 2588 1190 insignibuS,¹¹

390 1206 607 1289 majus
637 1224 725 1267 ex
754 1223 836 1268 eo
866 1203 1114 1267 decus⁰
1156 1205 1536 1287 sperabant,
1597 1206 1656 1269 si
1707 1225 1942 1288 pacem
2012 1204 2586 1269 continuavissent.

389 1400 570 1450 dorum
594 1399 833 1448 testium.
870 1404 924 1448 at
943 1414 1052 1448 rens
1087 1398 1359 1449 confestim
1380 1398 1592 1448 defendi
1611 1401 1808 1451 volebat.
1884 1401 2115 1464 Vimque,
2152 1401 2271 1464 qnia
2291 1413 2433 1449 senex
2449 1399 2590 1450 orbus

386 1470 438 1513 et
457 1464 586 1513 dives
606 1469 752 1524 erat3
786 1469 841 1512 et
864 1469 1034 1513 tamen
1054 1463 1247 1512 &vendo
1278 1469 1524 1526 provectus
1544 1472 1617 1513 est
1647 1467 1776 1515 ultra
1797 1480 1949 1515 oevam
1965 1466 2169 1527 illorum,
2201 1480 2394 1527 quornm
2415 1463 2587 1524 favore

389 1528 642 1591 effugerat.

456 1593 651 1641 Pacatae
671 1593 735 1640 ad
771 1592 824 1640 id
856 1592 1078 1654 temporis
1109 1606 1187 1640 res
1207 1593 1333 1654 apud
1355 1592 1664 1641 Germaniam
1676 1591 1894 1652 suerunt,
1931 1592 2182 1655 prudentia
2200 1593 2478 1654 legatorum,
2505 1592 2585 1654 qni

388 1655 660 1718 vulgaribus
682 1656 795 1720 jam
832 1656 1060 1718 triumphi
1078 1656 1379 1718 ornamentis,
1396 1658 1621 1717 majorem
1641 1672 1702 1706 ex
1723 1673 1775 1706 eo
1805 1657 2007 1719 gloriam
2028 1656 2353 1720 expectabant,
2374 1657 2417 1704 si
2437 1628 2586 1705 o’tium

1312 1813 1427 1833 ‘m

1463 1814 1667 1833 “m“

388 1932 420 1976 3
448 1928 553 1984 Que
573 1926 718 1977 abest
738 1941 768 1976 a
790 1927 893 1976 Ms.
915 1928 1087 1977 Vatic.
1114 1932 1258 1977 1864
1260 1933 1356 1977 -4
1390 1928 1478 1978 Ita
1506 1927 1668 1977 editio
1690 1928 1950 1992 princeps.
2014 1926 2143 1977 Mss.
2181 1926 2320 1977 Flor.
2345 1925 2502 1978 Corb.
2526 1931 2582 1975 et

387 1994 656 2041 Ernestus.
724 1991 1044 2041 Puteolanus
1081 1998 1139 2041 et
1161 1993 1289 2042 Mss.
1315 1992 1465 2042 Harl.
1503 1994 1658 2042 Bodl.
1701 1993 1809 2043 Jes.

1851 1993 1978 2040 ultra
2019 2005 2176 2039 eorum
2209 1991 2389 2041 υἱίαηιτ
2420 1997 2477 2039 et
2508 1990 2583 2039 sic

388 2056 616 2118 Ryckius
636 2061 691 2104 et
709 2056 1013 2106 Gronovius.
1015 2062 1109 2104 ——5
1143 2056 1229 2105 Sic
1249 2056 1417 2105 Rhen.
1439 2071 1469 2105 e
1493 2058 1629 2105 Bud.
1665 2056 1768 2104 Sed
1791 2062 1847 2105 et
1876 2056 2087 2104 Puteol.
2119 2055 2210 2106 ita.
2276 2054 2414 2105 Alibi
2436 2054 2582 2103 ambi·

388 2125 505 2169 tum.
572 2119 800 2170 Fae'rnus
824 2119 1030 2169 volebat
1058 2119 1302 2184 impetum,
1323 2120 1461 2185 quod
1483 2121 1623 2170 ridet
1645 2120 1801 2171 Grut.
1871 2118 2081 2169 Oberlin.

1383 2267 1598 2319 NOTAE

450 2374 464 2407 ¹
485 2377 746 2426 Pecunia-su
768 2377 989 2441 orbitate]
1012 2379 1097 2428 De
1120 2393 1223 2443 qua
1244 2377 1444 2429 Seneca

386 2452 453 2504 ds
472 2454 624 2506 Brev.
644 2454 859 2518 vitae,·7.
893 2455 910 2484 ‘
932 2455 1029 2505 Ille
1048 2471 1165 2506 reus
1184 2464 1311 2521 quot
1333 2457 1443 2508 dies

1587 2379 1727 2428 Hinc
1762 2382 1934 2428 tantas
1973 2389 2184 2439 operum
2208 2374 2368 2423 moles
2396 2386 2578 2438 aggre-

1521 2454 1754 2518 diuntur,
1773 2459 1833 2504 ut
1854 2456 2136 2502 exerceant
2165 2448 2399 2513 militem,
2419 2448 2580 2499 conti-

384 2530 618 2593 abstulit,
653 2536 783 2595 quot
822 2530 912 2579 ille
955 2531 1274 2596 candidatus,
1315 2539 1444 2596 quot
1520 2536 1781 2595 neantque
1817 2528 1870 2577 in
1902 2528 2030 2591 otio,
2051 2532 2112 2576 ut
2133 2527 2250 2577 hinc
2272 2539 2408 2587 suos,
2440 2524 2580 2574 illinc

381 2606 474 2656 illa
495 2620 622 2656 anus
645 2604 919 2655 efferendis
955 2606 1251 2656 haeredibus
1275 2606 1438 2657 lassa?

380 2687 507 2746 quot
525 2682 610 2730 ille
625 2682 693 2730 ad
713 2681 1016 2731 irritandam
1033 2682 1299 2732 avaritiam
1320 2698 1439 2748 cap·

379 2756 599 2804 tantiam
636 2755 905 2804 simulatus
951 2757 1126 2820 aeger?
1174 2763 1303 2820 quot
1349 2758 1436 2807 ille

379 2832 645 2894 potentior
661 2831 873 2894 amicus,
888 2831 976 2895 qui
994 2845 1086 2881 vos
1120 2846 1224 2882 non
1244 2833 1295 2882 in
1312 2833 1436 2883 ami·

379 2907 523 2970 citia,
548 2906 712 2956 sedin
731 2912 985 2972 apparatu
1006 2907 1207 2956 habet?

442 2991 480 3017 ¹¹²
502 2984 711 3039 Quorum
731 2984 911 3033 anubim
942 2983 1175 3045 evaserat]
1208 2985 1434 3035 Deridet

377 3059 663 3109 vanitatem
677 3073 848 3107 rerum
865 3059 1196 3108 humanarum
1205 3059 1439 3124 Tacitus,

379 3141 435 3184 et
457 3136 532 3185 ait
552 3135 899 3197 haeredipetas
922 3135 1051 3184 istos
1083 3135 1437 3197 intercessisse

378 3211 588 3276 quidem
615 3225 707 3272 pro
731 3225 837 3271 reo,
859 3216 914 3259 et
935 3223 1053 3259 eum
1075 3225 1325 3274 servasse,
1345 3226 1438 3275 spe

375 3288 722 3351 adipiscendae
741 3287 1040 3337 substantiae
1059 3287 1189 3351 ejus,
1206 3288 1300 3336 sed
1316 3303 1435 3338 con·

378 3371 462 3413 tra
482 3363 744 3424 evenisse3
778 3362 887 3411 fato
905 3362 1042 3410 enim
1066 3369 1186 3412 ante
1208 3362 1434 3429 functos,

376 3439 554 3504 itaque
595 3439 772 3502 praeda
813 3452 906 3487 sua
941 3438 1127 3487 misere
1161 3438 1433 3489 excidisse.

379 3516 638 3565 Gruterus.
677 3528 682 3531 ·

460 3599 487 3625 ¹¹
509 3590 815 3651 Pei-vulgatis
866 3590 1092 3654 triumphi
1143 3591 1431 3655 insignibus]

377 3668 497 3719 Hoc
524 3673 621 3729 est,
646 3680 762 3730 quae
792 3667 905 3728 jam
945 3666 1152 3715 nimium
1188 3665 1428 3732 frequen·

373 3746 467 3808 tia,
529 3742 917 3806 communiaque
976 3757 1089 3793 esse
1147 3751 1430 3806 coeperant.

373 3821 648 3870 Rhenum.

438 3895 769 3958 Pei-vulgatis]
817 3896 951 3947 Quia
973 3895 1165 3957 multis,
1189 3901 1242 3944 et
1264 3893 1429 3954 sacili-

370 3976 474 4022 tste
491 3972 654 4033 solita,
692 3984 810 4020 eum
835 3971 1079 4021 honorem
1102 3976 1432 4021 concesserat

374 4047 620 4099 Claudius
640 4046 885 4110 princeps
905 4064 921 4108 ;
954 4052 1011 4097 et
1031 4047 1150 4112 quia
1176 4046 1429 4096 tribueba-

374 4131 463 4174 tur
484 4122 730 4187 operibus
749 4123 911 4185 pacis,
923 4123 1105 4185 potius
1128 4137 1281 4186 quam
1302 4121 1430 4170 mili-

375 4201 464 4248 tiae
496 4198 631 4247 curis
654 4204 745 4247 aut
769 4197 1058 4258 laboribus;
1091 4205 1147 4246 et
1169 4198 1243 4247 sic
1279 4199 1431 4261 majus

374 4278 514 4329 dom
533 4275 811 4344 sperabant
831 4290 899 4328 ex
920 4275 1159 4341 operibus
1180 4275 1340 4341 pacis.

1520 2606 1695 2654 hostes
1717 2610 1960 2668 terreant,
1979 2602 2210 2652 subactis
2231 2600 2578 2663 exercitisque

1519 2687 1599 2731 tot
1614 2681 1923 2746 legionibus,
1938 2685 1993 2728 et
2010 2684 2070 2727 ut
2084 2678 2157 2727 sic
2181 2678 2248 2726 ad
2263 2677 2386 2727 belli
2403 2675 2579 2724 munia

1516 2759 1828 2822 promtiores
1849 2755 2123 2816 haberent,
2157 2768 2274 2803 cum
2296 2751 2575 2803 necessitas

1512 2835 1816 2898 postularet.

1579 2911 1784 2959 Bellum
1827 2904 2141 2957 facientibus
2182 2903 2269 2952 vix
2312 2903 2574 2953 dabantur

1517 2985 1765 3049 triumphi
1805 2981 2030 3045 insignia
2049 2997 2063 3042 3
2096 2981 2250 3028 immo
2288 2985 2342 3028 et
2379 2978 2574 3028 bellum

1514 3060 1682 3124 ipsum
1722 3057 2026 3123 negabatur.
2092 3055 2263 3118 Igitur
2296 3052 2461 3117 majus
2484 3052 2574 3103 de-

1518 3150 1613 3184 cus
1628 3134 1789 3198 pacis,
1813 3146 1966 3198 quam
2001 3130 2155 3180 belli:
2192 3134 2248 3177 at
2285 3143 2389 3177 non
2424 3134 2572 3178 certe

1514 3211 1679 3274 majus
1699 3224 1852 3275 quam
1870 3207 2080 3269 insignia
2099 3205 2344 3268 triumphi.

1579 3287 1683 3337 Sed
1705 3288 1863 3336 decus
1885 3285 2046 3348 majus
2070 3298 2136 3332 ex
2155 3296 2306 3346 pace,
2325 3296 2478 3346 quam
2505 3297 2571 3331 ex

1512 3362 1652 3413 bello
1672 3362 1969 3426 sperabant,
1990 3374 2053 3409 eo
2074 3371 2239 3421 usque
2255 3358 2572 3421 pervulgatis

1513 3438 1762 3502 triumphi
1783 3435 2082 3500 insignibus,
2113 3439 2174 3483 ut
2211 3433 2369 3483 etiam
2390 3433 2572 3483 otiosis

1511 3519 1569 3564 et
1624 3513 1876 3564 inertibus
1919 3510 2134 3560 ducibus
2186 3508 2567 3558 tribuerenturz

1511 3590 1792 3655 sperabant
1827 3604 1892 3639 ex
1931 3602 2060 3651 pace
2105 3584 2349 3649 triumphi
2391 3585 2570 3649 decus,

1510 3670 1648 3734 quod
1663 3667 1799 3717 bello
1815 3665 2015 3731 assequi
2028 3679 2130 3714 non
2146 3669 2406 3726 poterant.
2429 3664 2570 3714 Nam

1510 3750 1624 3793 tum
1676 3742 1925 3805 temporis
1960 3750 2139 3805 teque
2178 3738 2371 3788 bellum
2399 3752 2569 3804 neque

1508 3819 1632 3871 belli
1657 3819 1813 3868 decus
1841 3817 2244 3868 concedebatur.

1573 3902 1598 3926 ⁰
1618 3894 1781 3954 Maius
1801 3910 1862 3943 ex
1878 3909 1930 3943 eo
1950 3892 2109 3954 decus]
2129 3892 2214 3942 Sic
2231 3892 2391 3942 vertit
2408 3892 2566 3941 inter-

1510 3986 1632 4034 pres
1656 3971 1918 4021 Gallicus·
1954 3975 2014 4019 ut
2046 3969 2121 4018 illi
2143 3968 2318 4031 duce8‚
2338 3966 2566 4032 quando·

1511 4047 1718 4112 quidem
1756 4046 2043 4110 promiscue
2081 4052 2137 4094 et
2160 4044 2351 4107 passim
2381 4055 2566 4092 conce·

1511 4123 1770 4174 debantur
1785 4122 2029 4195 triumphi
2050 4126 2367 4182 ornamenta,
2396 4118 2564 4181 majus

1509 4200 1669 4250 decus
1703 4204 1990 4262 sperarent,
2011 4198 2054 4247 si
2076 4209 2255 4260 pacem
2300 4194 2564 4245 continua-

1508 4275 1728 4342 vissent5
1750 4289 1901 4341 quam
1923 4274 1967 4326 si
1989 4273 2160 4325 bello
2147 4272 2362 4338 insignia
2385 4271 2562 4324 trium÷
