3100 4925
416 453 721 518 J.‚c.⁵s.]⁴
1105 444 1514 496 ANNAmUM
1565 448 1711 496 Lm.
1758 449 1901 499 xu.
2029 445 2035 450 ·

2439 439 2630 540 135⁷-

419 594 682 660 causis:
727 592 885 678 quia
913 591 1197 675 Lepida,
1225 593 1480 674 minore,
1499 592 1790 659 Antonia
1836 594 2080 677 genita,
2107 597 2437 660 avunculo
2468 596 2611 662 Au-

418 701 669 778 gust0‚¹
711 693 1104 777 Agrippinae
1152 694 1421 758 sobrina
1466 696 1704 778 prior,y
1757 715 1838 759 ac
1873 694 2109 773 .Cnei,⁶
2164 697 2382 761 mariti
2433 698 2609 782 ejuS,

418 815 725 919 Agrippina,
744 809 961 893 subversa
986 807 1361 920 priusODomitia
1401 846 1586 909 Lepida
1624 845 1822 923 levibus
1862 852 1918 922 et
1949 823 2193 922 foemineis
2229 810 2408 923 causis}
2441 848 2613 924 quippe

417 907 598 972 Lepida
617 908 810 974 maioris
829 907 1172 973 Antomaefilw
1194 911 1415 958 avunculo
1432 912 1672 974 Augusto,
1689 909 1971 974 Agmppmae
1988 911 2190 975 sobrina,
2199 926 2389 974 proptor
2407 928 2464 960 ac
2479 926 2612 975 prio·

483 1123 516 1169 6
547 1117 724 1168 Editio
747 1115 991 1183 princeps
1012 1132 1104 1182 per
1123 1117 1392 1168 literarum
1414 1120 1742 1183 compendia,
1764 1123 1855 1170 Cu.
1874 1122 2039 1171 mariti
2061 1121 2178 1183 qius.
2241 1122 2395 1172 Unde
2416 1123 2610 1175 Puteo-

415 1183 584 1244 lanus,
599 1183 746 1231 Cnei.
808 1183 1147 1233 Scribendum
1172 1183 1328 1247 cneii,
1350 1190 1410 1234 ut
1433 1190 1583 1248 patet
1604 1200 1671 1234 ex
1692 1186 1906 1236 Sueton.
1928 1186 1982 1234 in
2007 1188 2134 1236 Ner.
2155 1200 2195 1236 1.
2212 1188 2502 1250 proenominoe
2527 1225 2541 1238 .

423 1247 560 1298 cneii
583 1252 630 1296 et
650 1247 808 1297 Lucii.
832 1253 887 1297 et
904 1261 967 1298 11.
992 1248 1166 1297 cneius
1185 1249 1452 1299 Domitius.
1488 1248 1718 1313 Ryckius
1741 1250 1925 1315 edidit,
1950 1251 2101 1300 Cnaei.
2150 1252 2273 1311 Eius
2293 1252 2441 1303 abest
2457 1255 2611 1305 aMs.

422 1309 596 1361 Guelf.
630 1311 844 1360 Brotier.
1141 1350 1147 1356 .
1449 1351 1456 1358 .
1862 1351 1869 1358 .
2500 1360 2505 1366 ,
2627 1332 2630 1335 ·

757 1409 768 1414 ’
1405 1391 1618 1443 NOTAE

449 1474 476 1501 ¹
499 1469 628 1526 Quia
653 1470 853 1534 Lepida,
865 1472 1044 1521 minore
1062 1471 1274 1521 Antonia
1287 1473 1475 1535 genita,
1556 1481 1735 1525 secuta
1754 1475 1843 1538 sit,
1863 1481 1919 1526 et
1940 1474 2083 1527 Nero
2122 1476 2185 1526 ad
2220 1477 2502 1541 Imperium
2535 1491 2612 1528 as·

416 1546 639 1595 :cumulo
659 1545 899 1609 Augusto]
938 1547 1084 1595 Hanc
1104 1547 1353 1611 Lepidam
1373 1562 1475 1597 ma·
1555 1557 1770 1613 sumtus,
1809 1553 1918 1615 jam
1962 1566 2132 1601 rerum
2176 1554 2400 1602 omnium
2445 1555 2614 1616 potita

415 1621 505 1670 riti
538 1620 839 1684 Agrippinae
876 1636 1120 1682 sororem,
1157 1627 1214 1671 et
1252 1622 1474 1672 Neronis

416 1699 622 1747 amitam
645 1704 800 1748 vocat
819 1697 1044 1748 Tacitus.
1096 1700 1177 1748 Ex
1199 1699 1346 1762 cujus
1368 1700 1475 1749 dica

416 1773 485 1822 tis
496 1773 624 1823 1111ae
646 1775 919 1837 insurgunt
946 1789 1054 1834 non*
1083 1775 1473 1825 contemnendae

415 1847 768 1900 difficultates.
850 1850 966 1898 Una
998 1849 1256 1914 quomodo
1296 1849 1473 1900 Domi-

417 1924 541 1973 tiam
574 1923 817 1988 Lepidam
847 1924 1045 1974 minore
1080 1923 1312 1974 A-ntonia
1333 1924 1472 1989 geni-

417 2005 522 2049 tam
546 1999 757 2061 dixerit,
792 2015 944 2064 quam
983 2013 1054 2075 ex,
1074 2000 1269 2063 majore
1299 2007 1471 2050 natam

416 2073 679 2128 tradidere
720 2074 1015 2139 Suetonius,
1048 2075 1378 2139 Plutarchus,
1417 2082 1473 2126 et

397 2149 631 2202 Plinius.
937 2147 940 2150 ’
1045 2214 1054 2219 -
1301 2169 1306 2175 ·
1415 2171 1420 2176 ⁷

482 2228 654 2282 Quare
675 2226 914 2277 mendum
935 2228 987 2276 in
1021 2233 1172 2278 textu
1208 2229 1375 2278 inesse
1399 2229 1474 2278 di-

414 2302 654 2367 cendum,
673 2310 838 2370 atque
851 2318 954 2354 non
974 2305 1171 2368 πάππε,
1191 2306 1282 2355 sed
1304 2305 1475 2367 mnjore

414 2378 714 2443 legendum:
748 2394 850 2430 uon
892 2381 1029 2430 enim
1070 2381 1257 2430 rationi
1293 2395 1473 2431 conso-

415 2469 556 2518 num,
581 2455 823 2506 Tacitum
861 2455 913 2505 in
951 2456 1270 2506 recensenda
1306 2455 1471 2507 ferme

416 2516 497 2578 sui
539 2531 769 2594 corporis
812 2532 1118 2596 genealogia
1160 2531 1290 2582 adeo
1332 2532 1471 2583 foede

413 2606 633 2676 lapsum.
801 2638 808 2643 -
871 2639 876 2644 -
951 2642 958 2649 ⁴

480 2682 755 2733 Praeterea
783 2684 828 2732 si
849 2681 1088 2747 Augusto
1124 2685 1376 2734 avunculo
1396 2683 1468 2735 A·

413 2756 651 2821 grippina
688 2757 942 2821 Lepidam
980 2758 1225 2822 priorem,
1262 2774 1372 2822 seu,
1410 2764 1472 2808 ut

413 2833 545 2899 legit
571 2834 900 2898 =Vertrauins,
937 2837 1221 2899 propiorem,
1258 2836 1333 2897 (in
1372 2836 1469 2887 hoc

412 2920 631 2976 namque
651 2925 830 2975 parum
862 2910 1062 2971 laboro,
1100 2926 1217 2960 cum
1252 2918 1470 2975 utraque

412 3000 516 3036 vox
554 2986 972 3051 propinquiorem
1014 2985 1311 3052 significet,)
1344 2987 1476 3037 dixit

413 3061 643 3124 Tacitus,
667 3064 752 3112 cui
789 3063 998 3111 dubium
1035 3063 1101 3111 de
1125 3061 1352 3112 Antonia
1371 3078 1474 3114 ma-

408 3137 534 3200 jore
555 3138 977 3202 intelligendum?
1443 3172 1450 3179 .

461 3213 667 3269 ³,Altera
719 3213 994 3263 difficultas
1047 3214 1287 3276 emergit,
1332 3214 1472 3278 quod

413 3288 547 3337 hanc
586 3290 834 3353 Lepidam
880 3289 1136 3353 perditam
1180 3289 1245 3340 ab
1286 3289 1474 3353 Agrip-

415 3361 539 3428 pina
592 3364 789 3413 scribat
831 3364 1044 3413 Sueton.
1097 3369 1179 3413 34.
1239 3380 1353 3429 quae
1407 3380 1472 3413 ex

414 3439 684 3502 Xiphilino
722 3447 777 3490 et
801 3467 807 3475 ·
834 3441 1005 3491 Dione
1045 3440 1319 3491 interemta
1352 3448 1472 3505 post

414 3513 720 3581 Agrippinae
754 3517 933 3565 matris
966 3529 1165 3577 necem,
1196 3517 1340 3579 jussu
1365 3518 1470 3566 Ne-

415 3591 574 3654 ronis,
596 3590 829 3654 medicis,
847 3597 907 3639 ut
927 3591 1114 3654 largius
1148 3607 1260 3640 eam
1284 3607 1471 3655 purga-

415 3666 553 3727 rent,
575 3665 789 3715 adactis.
1107 3688 1113 3695 ·

481 3739 701 3788 Tollitur
738 3746 795 3789 et
831 3740 943 3789 haec
967 3740 1193 3802 objectio
1232 3742 1473 3805 dicendo,

414 3814 756 3879 Agrippinam
781 3817 985 3880 quidem
1017 3824 1233 3867 mortem
1266 3820 1473 3882 Lepidae

414 3889 666 3954 molitam,
704 3893 802 3942 illis
852 3894 1021 3943 causis
1064 3895 1294 3958 objectis,
1351 3911 1484 3960 quas„

414 3974 657 4016 recenset
679 3968 791 4030 ipse
808 3969 1048 4030 Tacitus3
1083 3976 1138 4017 at
1159 3983 1259 4017 non
1284 3970 1477 4034 datam,

416 4042 511 4091 sed
550 4043 797 4092 indictam
838 4052 1055 4107 tantum,
1097 4045 1268 4109 inquit
1310 4046 1469 4095 enim:

415 4118 431 4145 ‘
453 4116 541 4167 Ob
577 4119 688 4168 haec
722 4133 860 4167 mors
901 4119 1117 4184 indicta,
1139 4122 1353 4170 multum
1387 4121 1473 4170 ad-

418 4200 656 4244 versante
676 4193 961 4244 Narcisso!

483 4268 638 4320 Unde
659 4284 777 4321 cum
796 4269 951 4336 paulo
973 4276 1095 4336 post
1115 4270 1319 4350 Claudii
1337 4286 1475 4322 mors

1552 1621 1863 1689 Agrippina,
1901 1632 1958 1675 et
1978 1626 2284 1677 adversante
2309 1629 2523 1679 Nerone
2560 1631 2614 1679 in

1556 1700 1762 1749 amitam
1797 1701 2066 1765 benevolo,
2103 1702 2241 1765 apud
2280 1718 2430 1766 quam
2469 1706 2612 1767 prius
2697 1748 2705 1756 ,

1552 1774 1700 1839 inops
1723 1782 1778 1825 et
1815 1791 1972 1840 egens
2008 1792 2139 1839 puer
2173 1779 2395 1828 nutritus
2425 1778 2614 1845 fuerat,

1554 1855 1610 1899 et
1643 1851 1939 1900 adolescens
1970 1852 2331 1902 blandimentis
2365 1861 2422 1903 et
2460 1856 2613 1920 largi-

1540 1926 1777 1975 ·tionibus
1821 1927 2112 1988 devinctus,
2158 1927 2295 1991 quod
2336 1929 2612 1980 Suetonius

1552 2008 1608 2051 et
1628 2003 1837 2052 Tacitus
1858 2003 2142 2066 tradidere,
2170 2009 2364 2054 mortem
2382 2005 2615 2056 indictum

1551 2077 1760 2127 minime
1783 2079 2077 2129 executioni
2112 2081 2422 2143 mandatam,
2441 2082 2535 2131 sed
2557 2082 2613 2135 in

1552 2161 1888 2202 memoratum
1911 2169 1942 2202 a
1963 2155 2210 2204 Suetonio
2247 2161 2449 2220 tempus
2485 2156 2612 2207 dila·

1554 2232 1678 2275 tam.
1715 2229 1972 2277 Marcellus
1992 2230 2226 2280 Donatus.
2549 2266 2555 2272 -

1618 2301 1808 2350 Minore
1830 2303 2038 2351 Antonia
2054 2304 2243 2367 genita]
2282 2301 2508 2369 Culpant
2527 2323 2612 2364 me

1555 2377 1693 2442 quod
1738 2392 1840 2425 non
1884 2379 2192 2441 scripserim,
2235 2380 2424 2440 mqiore.
2492 2384 2612 2432 Non

1552 2468 1655 2516 me,
1694 2452 1786 2503 sed
1822 2453 2076 2506 Tacitum.
2141 2456 2229 2505 Ita
2256 2457 2388 2506 enim
2421 2457 2613 2520 iterum

1551 2530 1713 2580 sensit
1735 2531 2039 2595 scripsitque
2063 2540 2236 2582 noster
2257 2535 2294 2583 l.
2314 2548 2391 2583 ιν.
2421 2534 2612 2587 Annal.

1549 2604 1565 2632 ‘
1580 2606 1677 2656 Cn.
1700 2608 1963 2657 Domitius
1981 2610 2202 2672 electuS,
2219 2611 2303 2659 eui
2325 2611 2490 2660 minor
2509 2611 2612 2661 An-

1548 2683 1693 2731 tonia
1714 2683 1936 2734 Octavia
1959 2685 2136 2746 genita
2153 2686 2208 2735 in
2229 2687 2612 2741 matrimonium

1551 2758 1794 2808 daretur?

1614 2832 1826 2884 Atenim
1879 2837 2152 2886 Suetonius
2196 2844 2252 2887 et
2299 2839 2609 2889 Plutarchus

1551 2912 1721 2961 aliter.
1788 2913 1929 2964 Quid
1971 2914 2123 2976 ergo?
2177 2929 2365 2962 novum
2408 2921 2508 2978 est,
2552 2921 2614 2966 ut

1555 2986 1812 3037 dissensus
1831 2987 2014 3052 aliquis
2034 2987 2344 3052 scriptorum
2366 2989 2460 3038 sit?

1566 3084 1579 3096 ·
1619 3064 1691 3112 Et
1712 3070 1881 3112 tamen
1902 3063 2216 3112 Plutarchus
2250 3064 2388 3114 clare
2422 3065 2476 3118 id
2508 3080 2611 3117 non

1555 3137 1715 3188 dicit:
1752 3140 1889 3188 clare
1929 3140 2227 3200 Suetonius,
2265 3139 2450 3203 fateor,
2495 3142 2637 3205 plus

1552 3228 1655 3263 uno
1678 3216 1812 3262 loco.
1877 3214 1980 3263 Sed
2006 3229 2100 3262 cur
2123 3214 2320 3263 arbiter
2353 3230 2450 3278 ego
2473 3217 2612 3267 inter

1551 3305 1640 3338 eos
1666 3290 1794 3338 sim?
1842 3290 1995 3339 Solvo
2019 3304 2098 3336 me
2127 3289 2371 3351 judicatu
2405 3292 2524 3355 isto,
2557 3297 2613 3341 et

1552 3365 1686 3414 bono
1725 3365 1992 3427 veterique
2033 3365 2155 3427 ritu,
2186 3365 2309 3427 juro
2349 3366 2471 3436 mihi
2510 3380 2638 3417 non·

1549 3442 1766 3506 liquere.
1800 3443 2012 3504 Lipsius.
2246 3476 2253 3483 .
2489 3468 2495 3475 ·

1618 3517 1809 3565 Minore
1851 3516 2082 3580 Antonia]
2144 3518 2372 3567 Dubium
2416 3524 2498 3566 est
2545 3518 2612 3568 de

1554 3591 1784 3643 Antonia
1812 3593 2050 3653 Domitii,
2072 3600 2127 3642 et
2150 3595 2213 3643 de
2234 3594 2459 3642 Antonia
2475 3595 2618 3661 Dru·⁴

1554 3669 1613 3728 si,
1634 3674 1754 3716 utra
1774 3669 1924 3728 mqy'or
1943 3668 2153 3717 Antonia
2185 3670 2268 3731 sit,
2303 3673 2422 3716 utra
2442 3669 2612 3720 minor.

1554 3743 1785 3791 Dubium
1832 3743 1996 3792 oritur
2042 3758 2108 3791 ex
2153 3758 2235 3802 eo,
2277 3744 2412 3808 quod
2455 3744 2614 3808 prisci

1556 3825 1794 3867 auctores
1832 3817 2126 3880 splendidas
2159 3818 2391 3867 foeminas
2424 3825 2613 3869 vocent

1555 3897 1756 3945 nomine
1777 3894 1967 3958 mariti,
2004 3895 2068 3943 de
2103 3903 2259 3944 aetate
2282 3901 2371 3943 aut
2400 3895 2501 3944 alio
2521 3910 2612 3945 no·

1527 3970 1711 4045 ‘mine,
1746 3986 1846 4034 quo
1870 3970 2332 4034 distinguerentur,
2367 3971 2611 4031 silentes3

1554 4047 1637 4095 vel
1660 4047 1780 4110 quia
1804 4048 1947 4110 parvi
1986 4047 2039 4095 id
2079 4047 2325 4095 momenti
2348 4047 2413 4095 ad
2452 4046 2612 4106 histo,-

1554 4122 1681 4170 riam
1707 4122 1994 4182 videbatur,
2031 4130 2086 4169 et
2124 4121 2412 4185 praesertim
2444 4120 2496 4168 in
2519 4119 2613 4169 foe-

1552 4197 1722 4260 minis,
1743 4204 1833 4246 aut
1860 4197 1914 4246 id
1938 4199 2081 4248 velut
2101 4197 2419 4249 notissimum
2449 4196 2611 4259 aliun·

1552 4272 1621 4322 de
1648 4271 2028 4337 supponebant.
