3100 4925
464 403 638 474 1394

1172 419 1236 469 θ.
1287 418 1648 468 coRNBLn
1694 419 1953 468 'tecvm

2353 424 2445 489 [A.
2469 428 2538 479 U.
2562 432 2685 479 808⁸

462 584 717 632 morum
740 585 758 646 3
801 564 1062 629 Seneca
1081 564 1438 647 praeceptis
1459 563 1863 646 eloquenffiae
1891 568 1963 627 et
1989 564 2302 630 comitate
2324 565 2609 634 honesta
2625 576 2687 633 ι’,

451 669 786 754 juvantes*
797 667 1105 742 invicem,
1145 684 1282 748 quo
1325 664 1584 727 facilius
1607 666 1972 729 lubricam*
1997 665 2338 750 Principis
2366 674 2664 745 aetatem,

463 770 526 834 si
555 770 867 835 virtutem
894 771 1400 850 aspernaretur}
1426 757 1885 849 voluptatibus
1909 769 2247 831 concessis
2274 769 2683 835 retinerem!
2734 813 2741 822 ·

461 959 508 1004 et
526 952 770 1015 gravitate
785 965 1002 1009 moram5
1049 949 1229 999 Seneca
1248 954 1356 998 arie
1373 948 1667 1026 eloquentiae,
1683 954 1730 998 et
1750 950 1983 999 honesta·
1963 950 2147 1012 ungenti
2167 952 2469 1001 amoenitate:
2516 953 2675 1028 opitu-
2716 949 2725 958 “

460 1018 645 1069 luite·
624 1018 842 1080 υιοόοσιι,
860 1030 952 1079 quo
970 1015 1138 1064 nelias
1156 1013 1421 1065 white-ent
1434 1014 1696 1075 juvenilem
1716 1019 1905 1064 etatem
1920 1015 2156 1080 principis
2170 1017 2415 1080 permissis
2432 1016 2685 1082 cupidini-2

1457 1161 1681 1214 NOTAE

526 1301 558 1331 V
587 1293 824 1348 comum
838 1293 1053 1356 honesta]
1082 1288 1525 1344 Quemadmodum

463 1373 689 1438 gravitas
747 1369 1099 1432 severitasque
1141 1367 1336 1432 ingenii
1373 1366 1529 1416 decet

463 1449 633 1500 virum
656 1448 962 1506 militarem;
1005 1445 1079 1494 ita
1101 1452 1153 1491 et
1178 1444 1394 1493 comitas
1419 1457 1529 1492 sua-

462 1524 701 1588 vitasque
723 1538 918 1573 morum
953 1522 1173 1570 maxima
1210 1521 1385 1569 decuit
1419 1520 1532 1568 lite-

463 1606 634 1650 ratum
654 1599 927 1647 bominem.
995 1598 1064 1645 Et
1081 1596 1366 1645 humanitas
1390 1597 1531 1644 velut

464 1675 731 1738 individua
752 1675 1006 1738 insitaque
1028 1674 1191 1722 literis
1209 1681 1262 1722 et
1285 1675 1531 1737 eloquen-

465 1751 574 1802 tiae.

533 1827 770 1876 Comitate
812 1824 1025 1887 honesta]
1088 1825 1311 1873 Videtur
1364 1826 1463 1888 maj
1472 1841 1530 1874 or

464 1903 748 1953 auctoritas
772 1900 930 1949 fuisse
963 1914 1122 1963 penes
1157 1901 1431 1959 Burrhum,
1452 1901 1529 1949 ita

461 1983 524 2027 nt
576 1991 671 2041 pro
727 1976 1018 2030 reverentia
1084 1991 1176 2024 sua
1215 1972 1529 2025 ”institueret

463 2052 746 2118 principem
797 2055 853 2100 et
895 2050 1177 2099 severitate
1229 2064 1338 2113 sua,
1384 2051 1529 2100 bonis

461 2127 727 2187 moribus3
781 2126 982 2176 Seneca
1021 2141 1146 2176 vero
1186 2127 1434 2176 comitate
1471 2134 1528 2176 et

461 2203 680 2254 lenitate
720 2216 918 2254 morum
962 2216 1019 2250 se
1062 2201 1346 2250 insinuaret
1385 2201 1526 2264 prin·

463 2279 587 2342 cipi,
610 2284 667 2328 et
700 2284 872 2328 tamen
900 2278 1107 2328 eosdem
1135 2276 1363 2328 'affectus
1401 2278 1527 2328 inci-

464 2362 603 2405 taret
626 2356 748 2419 ipsi,
771 2369 898 2419 qnos
923 2360 979 2402 et
999 2354 1112 2417 ipse
1135 2354 1382 2406 Burrbus.
1436 2354 1527 2404 Sic

462 2437 519 2483 et
573 2430 871 2481 Alexander
925 2430 1282 2494 Lysimachum
1344 2430 1528 2485 habuit

460 2514 719 2558 rectorem
733 2506 1023 2572 juventutis
1046 2522 1170 2569 suoe,
1191 2515 1248 2557 et
1270 2506 1528 2558 Aristote-

459 2585 584 2673 lem,
619 2600 709 2634 seu
733 2585 1104 2641 Callisthenem
1130 2591 1530 2650 praeceptorem,

461 2661 553 2725 qni
573 2661 718 2710 illum
738 2660 1020 2724 praeceptis
1042 2660 1352 2725 eloquentiae
1374 2661 1527 2711 infor-

459 2742 647 2789 maret.
1057 2762 1062 2767 -

526 2812 774 2881 Nonnulli
808 2811 1095 2874 explicant,
1132 2812 1278 2875 quasi
1326 2812 1526 2862 Seneca

459 2887 645 2938 leniori
684 2888 907 2951 ingenio,
944 2887 1178 2936 Burrbus
1218 2888 1434 2939 tristiori
1470 2896 1525 2940 et

460 2963 709 3013 severiori
730 2970 917 3032 natura
932 2961 1130 3013 suisset.
1193 2963 1298 3011 Sed
1317 2963 1370 3012 id
1394 2979 1527 3028 prae-

457 3041 545 3089 ter
581 3042 811 3087 mentem
848 3036 1038 3099 Taciti,
1080 3036 1168 3100 qui
1208 3052 1307 3085 non
1346 3053 1524 3088 eorum

457 3110 717 3173 ingenium
754 3118 841 3160 aut
882 3116 1116 3161 naturam
1140 3112 1210 3161 ibi
1248 3117 1526 3178 expressit,

458 3186 553 3235 sed
574 3201 752 3237 eorum
774 3185 962 3250 officia,
982 3202 1074 3237 seu
1096 3203 1249 3238 curas
1284 3198 1341 3239 et
1370 3205 1524 3240 occu-

458 3264 716 3327 pationes.
768 3264 971 3313 Literas
993 3270 1049 3313 et
1072 3267 1369 3316 amoeniores
1383 3275 1521 3318 artes

456 3339 659 3389 Seneca
703 3339 898 3402 docuit,
934 3340 1064 3389 alter
1104 3356 1226 3390 vero
1263 3356 1522 3393 armorum

456 3410 623 3478 gloria
640 3414 833 3467 floruit.
904 3414 1043 3465 Hinc
1067 3416 1342 3481 disciplina
1363 3425 1421 3468 et
1442 3434 1522 3468 se-

453 3491 653 3541 veritas
674 3492 861 3549 Burrbi
885 3506 949 3540 ex
972 3491 1162 3556 officio,
1197 3508 1299 3542 non
1340 3510 1408 3544 ex
1444 3495 1523 3545 in-

454 3567 610 3629 genio
632 3575 721 3619 aut
741 3569 917 3620 indole
957 3570 1175 3631 praecise
1208 3569 1295 3618 hic
1330 3571 1524 3620 descri-

454 3641 617 3693 bitur.

465 3755 480 3765 .
521 3724 555 3751 '¹
585 3718 862 3781 Lubrieam]
924 3718 1168 3782 Intellige
1188 3717 1379 3769 flexum
1402 3734 1522 3770 eum

456 3792 650 3854 atatis,
673 3809 773 3856 quo
804 3795 1160 3846 adolescentes
1182 3796 1231 3844 in
1253 3794 1520 3846 libidinem

454 3872 513 3921 et
531 3868 825 3930 voluptates
847 3871 1072 3920 maxime
1096 3871 1244 3933 proni
1264 3878 1403 3936 sunt,
1419 3887 1524 3936 quo

454 3949 695 4013 tempore
715 3946 853 3995 vitiis
881 3944 1082 4007 facilius
1105 3951 1365 4011 corrumpi
1406 3964 1521 4012 pos·

453 4025 590 4078 aunt,
610 4026 669 4070 et
690 4036 790 4085 quo
814 4035 998 4073 cavere
1018 4023 1074 4073 in
1095 4031 1346 4075 aeternum
1384 4026 1520 4089 sapi·

456 4095 600 4145 entia
620 4095 706 4145 sit.

499 4169 791 4245 Lubricum,
824 4175 907 4235 ὅτ.
947 4172 1159 4235 oetatm]
1224 4174 1423 4227 Julian,
1463 4176 1517 4227 in

456 4246 592 4300 Caes.
615 4247 648 4310 ἦ
671 4247 835 4312 νεότης
871 4249 943 4315 ἐφ’
966 4247 1166 4321 {adrepet
1183 4248 1401 4314 μεγάλω
1418 4269 1518 4303 ποι-

1606 1287 1778 1349 ουμένη
1797 1287 1958 1352 ῥοπάς.
2024 1289 2214 1341 Plotia.
2246 1305 2286 1339 1.
2312 1291 2548 1342 Ennead.
2573 1305 2680 1353 σμι-

1608 1364 1697 1428 κρὰ
1735 1364 1856 1427 ῥοπὴ
1891 1365 2026 1428 ἀρκεῖ
2058 1364 2124 1415 εἷς
2166 1364 2364 1422 ἔκβασιν
2397 1368 2485 1415 τοῦ
2522 1366 2674 1431 ὀρθοῦ.

1614 1441 1958 1506 Hieronymus
1982 1443 2136 1506 epist.
2161 1443 2225 1491 ad
2263 1443 2527 1493 Gaudent.
2563 1447 2578 1472 ⁸
2600 1446 2677 1494 Ut

1612 1519 1749 1568 enim
1773 1534 1908 1583 aqua
1930 1519 1982 1567 iu
2005 1520 2179 1568 areola
2201 1519 2418 1583 digitum
2441 1520 2677 1584 sequitur

1613 1595 2019 1660 praecedentem,
2050 1597 2127 1644 ita
2158 1605 2286 1644 aetas
2308 1597 2476 1645 mollis
2510 1604 2566 1647 et
2599 1603 2682 1647 te·

1611 1686 1741 1720 nera
1777 1671 1832 1719 in
1883 1678 2155 1735 utramque
2195 1679 2398 1734 partem
2432 1671 2684 1724 flexibilis

1611 1752 1713 1808 est,
1735 1753 1791 1795 et
1811 1760 2132 1810 quocumque
2152 1747 2362 1796 duxeris
2387 1748 2645 1798 trahitur!

1674 1829 1700 1856 Χ
1751 1821 1810 1871 Si
1841 1822 2068 1871 virtutem
2104 1823 2458 1885 aspernaretur]
2524 1826 2601 1874 Ut
2630 1825 2678 1875 si

1609 1914 1713 1947 non
1736 1905 1937 1947 amaret
1959 1898 2205 1947 virtutem
2234 1899 2396 1959 Nero,
2413 1900 2600 1949 saltem
2623 1900 2676 1950 in

1609 1976 1741 2024 vitia
1761 1973 2062 2038 flagitiaque
2084 1973 2355 2042 libidinum
2377 1989 2482 2023 non
2507 1977 2678 2040 prola-

1608 2051 1849 2111 beretur„
1868 2049 1958 2099 sed
1996 2056 2194 2099 tantum
2217 2050 2371 2100 licitis
2394 2052 2677 2114 voluptati·-

1608 2127 1704 2176 bus
1741 2127 2054 2189 indulgeret.
2119 2127 2206 2176 Sic
2242 2126 2378 2177 infra
2412 2130 2533 2182 Tac,
2556 2142 2679 2181 xlv.

1608 2206 1690 2251 14.
1726 2204 1742 2230 ‘
1768 2203 1883 2252 Nec
1912 2204 2024 2266 jam
2049 2203 2161 2252 sisti
2185 2211 2410 2267 poterat,
2431 2220 2550 2255 cum
2584 2204 2678 2258 Se·-

1606 2292 1752 2327 necae
1791 2292 1852 2328 ac
1896 2279 2063 2327 Burro
2107 2279 2290 2341 visum,
2335 2294 2403 2329 ne
2449 2288 2677 2346 utraque

1608 2353 1958 2416 pervinceret,
1979 2353 2195 2402 alterum
2221 2356 2546 2406 concedere?

1672 2428 1734 2478 Si
1754 2428 1982 2479 virtutem
2012 2428 2369 2493 aspernaretur]
2436 2429 2672 2482 Medium

1608 2503 1710 2554 iter
1733 2506 1900 2555 secuti
1922 2506 2015 2569 illi,
2037 2512 2098 2555 ut
2135 2505 2179 2554 si
2217 2521 2400 2569 puram
2424 2509 2675 2561 virtutem

1607 2582 1751 2644 sequi
1774 2582 1956 2644 nollet,
1990 2582 2172 2631 saltem
2212 2595 2474 2630 concessae
2500 2584 2678 2647 volup..

1608 2658 1705 2708 tati
1729 2657 2042 2721 indulgeret,
2061 2664 2117 2706 et
2138 2658 2231 2719 sic,
2265 2671 2332 2706 ne
2370 2657 2677 2722 illegitimi&

1608 2748 1675 2784 ne
1713 2733 2013 2795 perniciosis
2050 2733 2348 2783 libidinibus
2385 2749 2443 2783 se
2488 2735 2676 2798 prusti.

1606 2815 1781 2859 tueret
1804 2825 1864 2860 ac
1889 2810 2250 2874 pessumdaret
2277 2811 2503 2875 juvenis,
2525 2826 2675 2861 cave·

1605 2885 1749 2936 bant.
1830 2885 2009 2935 Infra:
2055 2888 2070 2913 ‘
2089 2887 2550 2951 Metuebaturque,
2604 2902 2674 2939 ne

1603 2959 1656 3009 in
1679 2967 1861 3024 stupra
1880 2960 2204 3013 foeminarum
2242 2964 2517 3013 illustrium
2554 2979 2674 3028 pro-

1605 3043 1892 3101 rumperet,
1914 3039 1958 3087 si
1991 3039 2084 3087 illa
2122 3040 2336 3088 libidine
2376 3041 2676 3104 prohibere·

1606 3111 1725 3161 tur!
1791 3113 1873 3162 De
1894 3110 2029 3163 Acte
2052 3113 2243 3163 liberta
2262 3116 2507 3178 loquitur·

1655 3194 1678 3229 5
1704 3188 2031 3251 Voluptatibus
2043 3191 2270 3239 concessis
2283 3192 2566 3256 retinerent]
2582 3192 2672 3249 Sic

1604 3261 1741 3312 infra
1762 3276 1878 3313 xiv.
1904 3269 1984 3314 14.
2005 3267 2021 3292 ⁴
2043 3266 2157 3315 Nec
2172 3265 2286 3329 jam
2312 3267 2427 3317 sisti
2448 3273 2675 3333 poterat,

1603 3353 1723 3389 cum
1739 3340 1952 3391 Senecae
1974 3356 2036 3390 ac
2058 3343 2225 3392 Burro
2246 3343 2427 3407 visum,
2446 3350 2675 3401 neutra·

1602 3432 1702 3483 que
1723 3420 2073 3482 pervinceret,
2095 3423 2316 3472 alterum
2346 3421 2675 3476 concedere?
2712 3462 2721 3473 .

1603 3494 1676 3543 Et
1713 3496 1866 3558 paulo
1900 3495 2148 3546 inferius-iz
2200 3499 2216 3526 ⁴
2240 3499 2488 3549 Ceterum
2527 3500 2677 3560 evulq

1605 3578 1755 3635 gatus
1777 3573 1965 3637 pudor,
2001 3588 2103 3623 non
2139 3574 2457 3639 satietatem,
2491 3581 2554 3626 ut
2591 3590 2672 3633 re-

1602 3647 1811 3712 bantur,
1831 3649 1922 3700 sed
1943 3650 2335 3701 incitamentum
2360 3653 2578 3705 attulit.’

1665 3726 1737 3775 Et
1756 3726 1863 3776 Dio
1885 3726 1975 3777 lib.
1995 3740 2112 3777 mn.
2150 3727 2227 3777 sic
2265 3728 2332 3777 de
2374 3730 2580 3781 Bur-rho
2612 3736 2674 3782 et

1599 3801 1831 3853 Seneca:
1879 3802 1896 3830 ⁴
1920 3803 2293 3867 Voluptatibus
2336 3818 2456 3855 eum
2504 3800 2681 3859 indul«

1602 3891 1725 3940 gere
1761 3878 2021 3941 sinebant,
2072 3887 2133 3929 ut
2186 3894 2306 3929 cum
2349 3881 2675 3944 explevisset

1600 3953 1916 4016 cupiditates
1935 3970 2050 4005 suas
2090 3955 2201 4005 sine
2230 3970 2422 4019 magno
2446 3957 2674 4020 Reipub-

1599 4027 1929 4093 detrimento,
1944 4030 2210 4080 consilium
2224 4037 2452 4081 mutaret
2471 4048 2484 4081 ε
2521 4032 2673 4096 quasi

1597 4105 1881 4169 nescirent,
1920 4105 2226 4169 praefractos
2265 4106 2520 4171 juvenum
2563 4108 2677 4163 ani-2

1596 4193 1724 4240 mos,
1744 4181 2098 4248 educatosque
2131 4183 2184 4233 iu
2205 4184 2495 4247 voluptate,
2514 4198 2671 4249 quam

1595 4257 1764 4309 nullus
1796 4260 2165 4324 reprehendat,
2188 4265 2248 4311 et
2262 4259 2325 4319 ‚in
2347 4259 2588 4311 absoluta
2606 4259 2678 4313 lis
