3100 4925
501 364 673 438 1260

1213 382 1279 434 O·
1323 378 1688 433 CORNELII
1735 380 1988 433 'morri

2376 388 2471 457 [Α.
2493 390 2561 444 o.
2583 375 2717 444 soei.-

1497 577 1548 626 N
1558 572 1713 625 0⁹1*AE

559 721 687 773 ‚Hoc
730 721 868 770 idem
908 721 1180 783 imperium
1225 720 1445 783 rogabat
1482 720 1566 770 Ci-

505 810 626 847 cero
649 797 826 845 Cassio
847 796 1075 861 Philipp.
1100 811 1162 846 11.
1197 797 1214 823 ‘
1238 798 1313 846 Ut
1335 796 1568 860 quicum-

505 887 608 939 que
633 872 686 921 in
708 872 1022 936 provinciam
1044 874 1176 936 ejuS,
1206 872 1331 922 belli
1356 872 1570 934 gerendi

485 962 682 1012 ,caut-ia,
704 949 992 1010 advenerit,
1016 949 1086 998 ibi
1110 949 1271 1011 majus
1298 949 1570 1012 imperium

510 1024 572 1074 C.
595 1024 760 1074 Cassii
779 1024 867 1089 sit,
890 1039 1042 1088 quam
1066 1026 1176 1088 ejus
1200 1025 1318 1088 erit,
1337 1026 1424 1088 qui
1458 1040 1573 1073 eam

484 1091 822 1163 [provinciam
869 1107 992 1150 tunc
1036 1101 1313 1164 obtinebit,
1354 1114 1471 1149 cum
1510 1100 1571 1149 C.

511 1173 716 1224 Cassius
734 1175 786 1224 in
808 1189 921 1224 eam
947 1176 1264 1239 provinciam
1286 1175 1526 1225 venerit.'

570 1252 693 1299 Tale
733 1251 1006 1314 imperium
1047 1251 1410 1314 proconsulare
1442 1251 1573 1299 Ger-

485 1380 496 1387 „
510 1327 711 1377 manico
729 1326 977 1390 delatum,
993 1329 1116 1376 Tac.
1138 1328 1173 1376 l.
1198 1341 1263 1375 11.
1283 1329 1334 1375 in
1353 1326 1573 1376 Oriente

508 1410 567 1453 et
589 1405 604 1430 ‘
630 1403 911 1465 provinciis
950 1418 1062 1466 quae
1087 1405 1214 1451 mari
1236 1403 1573 1465 dividuntur,'

506 1477 774 1542 majusque
796 1477 1063 1541 imperium
1086 1492 1407 1542 quocumque
1440 1478 1574 1526 adis-

490 1542 608 1615 set,
648 1568 800 1617 quam
838 1553 918 1617 iis,
948 1559 963 1582 ‘
985 1555 1073 1618 qui
1108 1561 1267 1616 sorte,
1292 1559 1384 1602 aut
1418 1554 1576 1602 missu

509 1629 758 1693 principis
781 1629 1116 1680 obtinerent!
1172 1631 1285 1679 Nec
1308 1630 1577 1679 Germani-

489 1720 602 1757 cus
622 1706 763 1755 inter
787 1707 951 1770 Syrias
981 1709 1332 1771 proconsules,
1356 1721 1446 1756 seu
1469 1721 1577 1756 rec·

490 1788 667 1847 3tores,
679 1783 832 1832 immo
845 1798 999 1847 supra
1012 1782 1168 1848 ipsos,
1180 1788 1236 1832 et
1252 1790 1359 1833 tum
1376 1784 1435 1834 C.
1451 1783 1574 1832 Piso

490 1859 713 1923 ,Syriam
738 1859 975 1922 regebat.
1158 1923 1167 1929 ὀ

580 1935 736 1984 Nunc
758 1935 960 1983 Neroni
981 1934 1220 1984 concedit
1239 1935 1501 1996 ClaudiuS,
1522 1940 1582 1983 ut

520 2010 537 2037 ⁸
553 2010 923 2071 proconsulare
948 2009 1215 2072 imperium
1235 2017 1385 2058 extra
1400 2011 1579 2059 urbem

511 2083 760 2133 baberet?
801 2083 906 2133 Sed
922 2084 1049 2132 illud
1067 2083 1224 2133 decus
1240 2084 1499 2134 diversum
1514 2086 1579 2136 ab

513 2158 659 2218 aliis;
708 2172 824 2205 nam
872 2158 996 2206 Caio
1042 2158 1267 2222 Augusti
1308 2160 1432 2223 filio,
1488 2169 1580 2211 aut

495 2224 828 2284 “Germanico
864 2233 993 2283 illud
1019 2233 1109 2297 jus
1136 2249 1442 2285 concessum
1464 2243 1579 2286 tan-

515 2316 628 2359 tum
665 2309 718 2358 in
764 2310 1047 2373 provinciis
1083 2310 1334 2373 Orientis,
1371 2319 1428 2362 et
1465 2328 1580 2376 quae

513 2386 647 2437 mari
683 2387 1003 2448 dividuntur,
1043 2393 1097 2436 et
1134 2388 1429 2450 limitatum,
1482 2405 1579 2440 nec

514 2467 825 2525 perpetuum
847 2459 962 2525 fnit,
984 2470 1038 2509 ut
1064 2465 1455 2525 proconsulatus
1477 2465 1579 2515 iste

517 2537 765 2586 Neronis.

491 2666 500 2673 ,
578 2612 655 2662 At
710 2619 893 2676 postea
941 2614 1179 2675 invaluit,
1234 2620 1293 2663 ut
1348 2614 1582 2678 daretur,

519 2689 950 2757 quemadmodum
971 2706 1108 2740 nunc
1135 2692 1355 2754 Neroni,
1377 2707 1581 2742 succes-

520 2766 721 2816 soribus
745 2766 977 2815 omnibus
1013 2767 1305 2816 destinatis.
1374 2768 1587 2830 Capito·

518 2842 611 2891 lin.
645 2847 695 2891 6.
721 2842 787 2889 de
815 2843 892 2891 M.
918 2841 1134 2891 Aurelio
1159 2844 1400 2892 Caesare:
1434 2848 1448 2871 ⁶
1473 2844 1596 2892 Tri--

520 2918 729 2968 bunicia
750 2925 1012 2981 potestate
1038 2919 1259 2968 donatus
1292 2925 1390 2979 est,
1427 2925 1585 2982 atque

519 2993 738 3057 imperio
759 3000 910 3043 extra
931 2994 1123 3043 Urbem
1144 2994 1535 3055 proconsulari)

584 3069 651 3118 Id
690 3076 792 3131 est,
831 3070 1196 3133 amplissimum
1218 3070 1399 3119 habuit
1426 3070 1588 3134 impe-

520 3143 655 3192 rium
672 3157 735 3191 ex
744 3149 824 3191 tra
843 3144 1139 3206 pomoerium
1159 3141 1338 3205 Urbis,
1356 3146 1407 3193 in
1428 3148 1589 3196 omni-

521 3218 620 3268 bus
671 3219 971 3281 provinciis,
1013 3218 1067 3267 in
1107 3220 1221 3282 ipsa
1263 3220 1436 3282 Italia,
1486 3236 1587 3271 non

497 3301 696 3354 ,autem
719 3296 785 3344 ad
828 3303 975 3346 certa
1015 3298 1391 3359 provinciarum
1416 3301 1589 3361 spatia

522 3372 799 3421 limitatum
843 3379 899 3420 et
938 3380 1212 3433 arctatum,
1252 3376 1402 3438 quale
1436 3375 1592 3424 Pom-

499 3507 504 3510 ,
525 3449 663 3513 peio,
684 3457 774 3499 aut
793 3448 1126 3513 Germanico,
1141 3458 1233 3500 aut
1255 3452 1409 3500 etiam
1425 3453 1592 3502 Vitel-

524 3525 594 3573 lio
612 3524 688 3590 (si
726 3538 849 3573 vere
885 3525 967 3572 hic
998 3524 1226 3589 habuit),
1257 3541 1408 3589 quem
1441 3527 1594 3576 Tibe-

524 3599 630 3649 rius
651 3601 667 3627 ‘
683 3601 906 3662 cunctis,
925 3615 1040 3664 quae
1058 3600 1195 3663 apud
1217 3601 1486 3651 Orientem
1503 3619 1595 3667 pa-

525 3676 795 3737 rabantur,
819 3675 1098 3738 praefecit!
1144 3677 1272 3724 Tac.
1298 3678 1332 3726 l.
1356 3692 1434 3727 vr.

593 3749 708 3799 Nec
724 3749 1017 3820 comparari
1039 3749 1199 3798 debet
1219 3750 1460 3800 Vitellius
1477 3766 1595 3801 cum

495 3877 499 3881 Α
525 3826 847 3877 Germanico
871 3832 927 3876 et
950 3826 1256 3878 Caesaribus.
1306 3828 1488 3879 Latius
1509 3845 1598 3892 pa·
1620 3871 1627 3878 .

528 3904 678 3953 tebat
710 3908 944 3966 potestas
968 3903 1283 3966 Germanici,
1316 3919 1499 3968 nempe
1541 3906 1594 3954 in

504 3993 703 4032 ,omnes
726 3979 1019 4041 provincias
1042 3980 1425 4041 transmarinas,
1442 3990 1496 4031 at
1510 3982 1598 4031 Vi·

531 4054 706 4103 tellius
730 4060 931 4103 tautum
955 4054 1007 4102 in
1031 4054 1209 4118 aliqua
1233 4063 1381 4119 parte
1407 4057 1596 4107 Orien·

529 4129 601 4179 tis
625 4130 875 4192 pollebat.
1453 4119 1465 4128 ⁶

597 4206 940 4260 Germanicus
980 4206 1137 4258 etiam
1159 4208 1508 4275 praepollebat
1544 4209 1598 4262 in

1647 720 1828 783 Epiro,
1863 720 2089 783 Graecia,
2123 721 2452 782 Macedonia,
2493 720 2706 786 aliisque

1648 798 1786 844 ultra
1827 795 2153 845 Adriaticum
2212 808 2355 845 mare
2406 796 2707 860 provinciis.

1652 871 1790 918 Hinc
1807 870 2064 920 Graeciam
2090 871 2449 931 pertransiens,
2475 877 2530 920 et
2548 870 2709 920 Athe·

1631 942 1728 994 *nis
1759 961 1848 994 uno
1879 948 2041 995 lictore
2072 948 2329 1007 utebatur,
2368 961 2483 997 cum
2523 952 2605 997 12.
2630 946 2707 996 uti

1653 1030 1845 1085 posset,
1867 1029 1922 1071 et
1945 1024 2233 1085 provincias
2257 1024 2370 1071 illas
2392 1023 2591 1072 internis
2611 1038 2710 1073 cer·

1654 1097 1908 1147 luminibus
1915 1098 2074 1157 fessas
2094 1099 2348 1161 refovebat,
2375 1115 2470 1162 pro
2491 1098 2710 1163 imperio

1655 1174 2023 1236 proconsulari.
2548 1170 2557 1177 ’

1716 1250 1863 1299 Idem
1888 1258 1940 1299 et
1968 1249 2100 1300 fecit
2121 1250 2175 1299 in
2197 1251 2442 1315 AEgypto,
2477 1265 2594 1300 cum
2624 1257 2713 1300 ta·

1652 1340 1768 1373 men
1797 1326 1884 1388 jus
1922 1327 2150 1375 intrandi
2172 1341 2275 1376 non
2297 1328 2528 1393 haberet,
2552 1341 2715 1390 quare

1656 1400 1825 1463 potius
1854 1398 2010 1464 forte,
2035 1409 2091 1462 ut
2110 1404 2303 1463 Caesar,
2326 1409 2383 1451 et
2402 1417 2467 1450 ex
2489 1417 2635 1466 aequo
2659 1409 2715 1453 et

1654 1476 1790 1524 bono
1813 1491 1894 1525 res
1917 1477 1988 1526 ibi
2012 1478 2302 1542 ordinabat,
2323 1494 2471 1542 quam
2495 1493 2590 1542 pro
2624 1493 2717 1541 po·

1655 1556 1881 1613 testate3
1916 1552 2055 1618 quod
2076 1554 2231 1603 etiam
2255 1569 2355 1603 non
2374 1569 2522 1618 aequo
2547 1554 2717 1603 animo

1657 1626 1776 1677 tulit
1799 1630 2037 1692 suspicax
2060 1645 2218 1681 senex
2235 1640 2291 1682 et
2307 1632 2514 1694 imperii
2534 1630 2717 1681 anxius

1653 1701 1912 1755 Tiberius.

1721 1782 1857 1844 Nec,
1890 1787 1948 1830 ut
1982 1787 2129 1845 puto,
2145 1782 2385 1831 Vitellius
2406 1782 2591 1832 habuit
2605 1797 2719 1844 pro·

1654 1857 1889 1905 cumulare
1901 1857 2152 1921 imperium
2168 1860 2397 1922 proprie,
2407 1858 2498 1908 sed
2515 1865 2717 1910 tantum

1660 1930 1714 1980 in
1737 1932 1849 1994 ejus
1873 1940 2136 1996 potestate
2156 1949 2282 1997 opes
2301 1940 2356 1985 et
2373 1935 2539 1998 copiae
2557 1934 2721 1984 orien-

1662 2006 1749 2067 tis,
1771 2008 1890 2070 quia
1914 2008 2219 2070 imperatum
2240 2011 2443 2073 regibus
2465 2017 2521 2060 et
2542 2011 2722 2061 civita-

1661 2081 1821 2145 tibus,
1843 2090 1901 2131 ut
1938 2084 2038 2147 ipsi
2076 2086 2503 2149 obsequerentur,
2534 2095 2722 2151 sponte

1660 2163 1716 2206 et
1743 2159 1895 2221 jussu
1932 2159 2091 2224 ipsius
2128 2162 2366 2224 Caesaris,
2403 2176 2507 2212 non
2548 2170 2721 2224 autem

1661 2233 1796 2297 quod
1821 2249 1917 2297 pro
1939 2236 2071 2299 ‚jure
2093 2236 2445 2300 proconsulari
2480 2239 2603 2302 ipsis
2635 2239 2728 2288 im·

1660 2321 1871 2374 peraret
1891 2313 2156 2363 Vitellius.
2223 2314 2398 2363 Caesar
2438 2315 2726 2378 imperave-

1664 2393 1746 2436 rat
1763 2388 1971 2450 regibus
2002 2396 2057 2436 et
2078 2389 2283 2452 legatis,
2310 2396 2370 2439 ut
2392 2390 2558 2453 ipsum
2572 2390 2722 2453 juva·

1663 2470 1781 2511 rent
1805 2478 1897 2525 pro
1916 2464 2137 2525 viribus3
2164 2480 2332 2529 neque
2352 2467 2486 2515 tanti
2501 2481 2729 2516 momen·

1660 2535 1701 2584 ti
1730 2536 2167 2587 circumstantiam
2189 2540 2326 2587 illam
2352 2541 2733 2591 siluissent‘Ta·

1660 2612 1819 2673 citus,
1842 2614 1961 2676 Dio,
1984 2619 2073 2662 aut
2093 2616 2391 2665 Suetonius.

1726 2690 1812 2739 Sic
1855 2704 2026 2753 neque
2062 2691 2295 2740 Corbulo
2334 2708 2453 2741 mox
2494 2699 2729 2756 tempore

1668 2765 1910 2826 Neronis,
1947 2766 2125 2815 habuit
2172 2770 2535 2830 proconsulare
2570 2769 2731 2831 impe-

1665 2840 1794 2888 rium
1814 2841 2042 2904 proprie,
2052 2842 2144 2890 sed
2161 2849 2360 2892 tantum
2383 2844 2734 2907 imperabatur
2760 2841 2775 2850 ‘

1667 2932 1696 2965 a
1720 2917 1926 2967 Coesare
1961 2920 2114 2967 sociis
2148 2920 2354 2983 populis
2399 2919 2730 2984 regibusque,

1668 2998 1728 3041 ut
1764 2993 1879 3055 ejus
1919 2994 2175 3043 mandatis
2216 2996 2505 3047 obedirent.
2571 2995 2729 3045 Certe

1668 3070 1758 3118 illa
1792 3075 2021 3132 potestas
2061 3070 2164 3120 fuit
2198 3071 2518 3135 aliquatenus
2554 3070 2622 3120 ad
2656 3072 2735 3119 in·
2807 3075 2812 3080 ”

1669 3151 1778 3195 star
1817 3147 2159 3209 proconsularis
2208 3148 2417 3211 imperii,
2459 3154 2515 3197 et
2552 3148 2735 3198 habuit

1669 3222 1943 3284 imaginem
1975 3221 2129 3285 liujus
2163 3224 2461 3285 potestatis,
2491 3224 2582 3271 sed
2606 3222 2737 3273 licet

1671 3299 1954 3346 auctoritas
1972 3296 2083 3347 fere
2101 3299 2280 3347 eadem
2298 3298 2734 3361 circumdaretur;

1673 3379 1908 3422 attamen
1932 3387 2118 3421 nomen
2141 3372 2308 3422 abfuit
2332 3379 2387 3422 et
2410 3374 2584 3423 decus.

1738 3446 1812 3496 At
1861 3455 2007 3497 certe
2056 3449 2522 3497 extraordinarium
2575 3448 2737 3512 impe·

1676 3522 1825 3585 rium,
1844 3522 1981 3585 quod
2016 3522 2171 3572 datur
2194 3523 2404 3586 Caesari,
2436 3530 2492 3572 et
2532 3539 2624 3588 spe
2646 3540 2736 3575 vo-

1678 3598 1847 3662 tisque
1864 3600 1972 3661 jam
1995 3598 2253 3647 destinato
2278 3602 2586 3662 successori,
2605 3608 2661 3650 et
2683 3600 2736 3649 in

1676 3688 1732 3722 re
1777 3674 2095 3735 gravissima,
2139 3674 2457 3736 tribueretur
2498 3690 2634 3725 novo
2680 3681 2738 3724 et

1676 3749 1889 3811 ignobili
1913 3749 2147 3812 Vitellio,
2164 3750 2250 3813 qui
2273 3751 2460 3799 nullius
2480 3750 2633 3800 famae
2656 3752 2740 3800 vel

1677 3824 2022 3886 auctoritatis,
2048 3831 2138 3872 aut
2170 3829 2315 3873 certe
2346 3825 2565 3876 modicae
2596 3827 2737 3890 apud

1675 3900 1924 3962 legiones,
1964 3907 2018 3948 et
2065 3899 2205 3962 apud
2245 3900 2429 3963 socios,
2451 3910 2543 3951 aut
2579 3903 2738 3952 etiam

1678 3977 1814 4040 apud
1840 3977 2032 4035 hostes,
2049 3976 2137 4039 qui
2157 3975 2294 4025 omni
2316 3977 2471 4026 modo
2494 3977 2741 4026 vereban-

1678 4061 1762 4102 tur
1786 4055 2152 4103 Germanicum
2175 4061 2231 4104 et
2259 4056 2509 4119 Caesares,
2531 4061 2739 4118 etcum

1677 4129 1755 4178 his
1775 4129 1980 4180 facilius
2005 4130 2378 4194 transigebant.

1744 4204 1937 4258 Primis
1973 4206 2265 4258 Omnibus
2297 4222 2472 4258 rerum
2492 4205 2738 4272 potienti-
