3100 4925
477 3338 482 3349 =
549 3317 837 3377 patresque
856 3327 869 3359 z

542 368 719 439 1622

1227 386 1330 438 .D.
1373 383 1737 434 connubii
1783 385 2039 434 'raovm

2434 389 2529 457 [A.
2551 392 2615 444 υ.
2636 396 2756 443 sio.

543 532 669 596 aut
687 545 927 596 vocure
951 546 1040 592 ex
1069 525 1296 605 Italia,
1323 545 1481 592 cum
1505 528 1750 611 quibus
1774 527 1921 611 lege
1948 528 2085 612 agi‘
2112 530 2385 613 posset?
2464 529 2760 597 Addidit

543 691 773 757 experiri
791 690 871 742 fas
893 697 1049 742 esset.
1116 691 1307 753 Adiecit
1338 691 1400 742 L.
1433 693 1550 741 Piso
1582 694 1844 742 destinatas
1878 695 2055 758 consul,
2086 708 2153 744 ne
2186 693 2315 759 quid
2347 693 2485 744 intra
2518 695 2754 760 privatas

1470 843 1498 861 O
1502 840 1828 863 OOOOOOOW

544 940 812 1005 intelligas
846 939 1150 1003 Vibullium,
1176 941 1390 1005 ejusque
1428 939 1781 989 severitatem.
1836 940 2052 992 Brotier.
2120 940 2228 991 Int.
2262 941 2513 991 Praetoris
2546 939 2765 1007 factum,

544 1015 649 1055 non
669 1005 906 1069 Tribuni,
929 1012 988 1055 ut
1009 1006 1248 1055 Muretus
1268 1004 1446 1067 voluit,
1490 1005 1754 1067 corrigens
1780 1011 2064 1069 propterea
2082 1019 2173 1058 non
2196 1005 2471 1069 probavere,
2492 1005 2628 1070 quod
2650 1006 2763 1069 pla·

546 1076 639 1119 cet
659 1070 921 1119 Broterio.
954 1071 1149 1118 Emest.
1184 1068 1321 1118 Item
1353 1068 1563 1117 Ursino.
1598 1067 1749 1118 Acid.
1772 1068 1982 1118 volebat
1997 1084 2309 1132 composuere,
2325 1070 2464 1134 quod
2482 1085 2583 1119 non
2601 1071 2760 1134 plane

545 1133 791 1195 displicet
825 1133 1044 1183 Lallem.
1077 1133 1289 1198 Verum,
1329 1139 1525 1196 puncto
1559 1137 1681 1181 ante
1714 1132 2068 1197 comprobavere
2098 1134 2289 1197 posito,
2322 1135 2394 1182 nil
2437 1135 2761 1188 mutandum.

551 1197 770 1247 Oberls‘n.

1554 1298 1767 1349 NOTAE

559 1445 574 1456 .
612 1413 760 1464 Nam.
789 1417 904 1463 tum
933 1412 1130 1462 nullam
1170 1407 1271 1461 vi'm
1314 1410 1494 1461 int'erri
1519 1417 1614 1461 ant

545 1487 807 1554 prohiberi
827 1502 956 1550 opus
974 1485 1091 1549 fuit,
1110 1487 1315 1551 quoties
1329 1485 1452 1549 jure
1475 1485 1613 1535 ordi-

546 1565 696 1616 nario
713 1565 795 1629 agi
814 1565 1003 1628 potuit.
1070 1564 1207 1614 Nam
1247 1578 1349 1628 qua
1387 1564 1439 1612 vi
1478 1578 1610 1626 opus

547 1641 796 1692 adversus
828 1656 938 1705 eos,
959 1641 1047 1707 qui
1083 1641 1183 1691 vim
1222 1655 1324 1690 non
1363 1639 1612 1702 inferunt,

547 1722 610 1769 et
630 1718 935 1784 quibuscum
967 1718 1083 1781 lege
1122 1717 1314 1781 agitur,
1335 1715 1500 1764 forma
1531 1729 1613 1765 or-

549 1793 772 1857 dinaria,
794 1800 849 1843 et
873 1793 1117 1843 adversus
1141 1792 1423 1857 quos'actio
1444 1798 1524 1842 est
1546 1799 1615 1841 ex

548 1884 696 1921 more
737 1877 791 1919 et
829 1870 983 1933 lege?
1021 1868 1363 1918 Tribunorum
1393 1869 1481 1932 jus
1525 1883 1613 1916 ex·

548 1945 745 2011 pressit
764 1959 866 1994 uno
880 1944 1041 1993 verbo
1056 1943 1235 1993 Livius
1252 1957 1341 1993 ιιι.
1358 1947 1439 1994 68.
1459 1943 1614 1992 ‘Scu-

549 2021 612 2067 to
627 2018 775 2069 vobis
810 2018 974 2080 magis
997 2030 1150 2080 quam
1171 2016 1346 2081 gladio
1367 2031 1498 2079 opus
1515 2022 1614 2065 est.

550 2093 689 2142 Satis
727 2106 980 2156 superque
1023 2091 1225 2141 humilis
1264 2098 1365 2154 est,
1387 2092 1474 2157 qui
1492 2090 1615 2155 jufe

549 2181 707 2233 aquo
728 2168 782 2216 in
804 2167 1014 2216 civitate
1049 2166 1198 2229 vivit,
1226 2181 1326 2216 nec
1347 2165 1631 2217 inferendo*

548 2245 810 2310 injuriam,
831 2260 929 2295 nec
953 2243 1239 2309 patiendo.'

614 2321 710 2369 Jus
724 2319 1006 2384 pratorum]
1046 2318 1329 2370 Constituti
1349 2319 1544 2370 tribuni
1563 2320 1617 2368 in

548 2395 785 2447 favorem
799 2403 855 2447 et
866 2397 1107 2445 auxilium
1124 2396 1292 2459 plebis
1305 2412 1320 2457 3
1337 2411 1439 2447 non
1454 2403 1619 2463 certe,

551 2478 616 2522 ut
657 2474 1006 2537 praeriperent
1047 2479 1139 2521 aut
1179 2472 1494 2537 impedirent
1523 2474 1615 2537 jus

549 2553 856 2614 praetorum,
877 2550 958 2599 vel
993 2549 1276 2612 consulum,
1311 2549 1401 2599 sed
1438 2556 1615 2600 tamen

549 2631 613 2674 nt
631 2624 758 2688 ipsis
788 2637 844 2673 se
876 2631 1222 2688 opponerent,
1259 2625 1303 2673 si
1336 2627 1615 2688 potestatis

552 2714 660 2755 suae
682 2700 873 2751 limites
896 2701 1285 2765 egrederentur.
1340 2703 1404 2751 In
1426 2703 1615 2767 quibus

552 2777 742 2828 finibus
776 2776 1026 2841 potentias
1064 2792 1155 2827 seu
1195 2777 1332 2841 juris
1366 2777 1614 2829 limitibus

551 2853 932 2908 constituendis
970 2853 1194 2905 maxima
1226 2854 1476 2918 agebatur
1497 2869 1617 2905 con·

549 2930 824 2982 troversia.

618 3006 692 3054 Et
728 3018 869 3068 saepe
911 3018 1053 3053 suam
1098 3007 1412 3068 potestatem
1452 3009 1616 3055 trans-

592 3080 719 3131 ressi
747 3086 869 3129 sunt
911 3079 1008 3142 ipsi
1050 3078 1263 3142 tribuni,
1292 3085 1352 3127 ut
1391 3078 1470 3142 fit,
1492 3080 1616 3130 dum

551 3095 862 3223 grundiunt,
910 3169 977 3204 ne
1008 3155 1246 3205 consules
1285 3169 1427 3205 suam
1450 3164 1616 3206 trans-

552 3231 888 3300 grediantur3
922 3231 997 3281 sic
1028 3238 1083 3282 et
1120 3231 1348 3282 vicissim
1382 3232 1616 3282 consules

954 3310 1073 3361 hinc
1135 3312 1303 3363 turbae
1353 3327 1470 3378 quse
1528 3313 1620 3362 diu

551 3384 811 3450 Rempub.
835 3385 1118 3449 agitavere.

620 3468 643 3496 θ
681 3461 860 3512 'Vocare
888 3475 951 3510 ex
986 3461 1153 3525 Italia,
1184 3477 1290 3512 cum
1321 3462 1486 3525 quibus
1515 3465 1621 3524 lege

554 3538 663 3602 agi]
695 3538 825 3587 Erat
844 3537 982 3586 enim
1003 3537 1100 3586 hoc
1122 3536 1369 3587 auxilium
1391 3543 1621 3587 extraor-

554 3612 846 3665 dinarium:
919 3626 1088 3677 neque
1130 3611 1328 3665 licebat
1361 3627 1427 3660 ex
1459 3612 1622 3662 Italia

558 3678 851 3752 quenquam
887 3686 954 3736 ad
987 3687 1251 3736 tribunum
1283 3687 1480 3749 vocari,
1502 3702 1619 3737 cum

556 3772 661 3827 quo
682 3763 798 3826 lege
818 3763 992 3828 aliqua
1027 3762 1228 3814 institui
1264 3769 1442 3831 posset
1464 3764 1623 3816 actio.

561 3837 830 3891 Ferrettus.

595 3913 844 3964 Varronis
858 3914 896 3963 l.
916 3926 992 3962 xx
999 3927 1038 3963 1.
1052 3913 1248 3965 Rerum
1262 3914 1621 3979 humanarum,

558 3990 718 4044 rerba
738 3998 890 4042 sunt:
915 3991 931 4018 ‘
956 3990 1177 4042 Tribuni
1199 3991 1367 4056 plebis
1389 3993 1618 4042 vocatio-

552 4082 672 4122 nem
718 4069 917 4119 habent
950 4068 1162 4119 nullam.
1254 4066 1615 4135 Antistiusque

557 4145 732 4201 Labeo
764 4144 1060 4197 Gellianum
1096 4144 1346 4196 viatorem
1384 4144 1618 4196 tribuno-

555 4235 671 4272 rum
706 4221 869 4291 jussit
910 4220 1087 4275 dicere
1131 4220 1350 4275 tribunis
1396 4222 1618 4274 vocandi

1690 1410 1960 1461 absentem
1975 1411 2066 1475 jus
2088 1425 2193 1460 non
2212 1411 2438 1463 habere.'

1757 1485 1912 1534 Unde
1936 1486 2024 1550 qui
2056 1500 2123 1534 ex
2145 1487 2260 1550 ipsa
2281 1486 2412 1536 urbe
2432 1501 2619 1537 vocare
2649 1502 2760 1539 nan

1691 1568 1924 1625 possent,
1965 1576 2069 1611 non
2109 1563 2218 1611 sine
2263 1564 2465 1613 ratione
2508 1564 2759 1627 prohibiti

1692 1641 1814 1687 sunt
1835 1636 2029 1689 tribuni
2052 1651 2342 1704 quenquam
2380 1653 2446 1689 ex
2483 1640 2657 1708 Italiaj
2673 1656 2761 1692 vo-

1694 1727 1834 1778 care,
1854 1728 1972 1764 cum
1996 1729 2099 1778 quo
2120 1716 2239 1779 lege
2259 1714 2344 1778 agi
2367 1723 2564 1778 posset.

1756 1791 2023 1856 Siquidem
2067 1790 2278 1841 fuerunt
2323 1791 2657 1855 praefectum
2701 1794 2760 1843 in

1694 1866 1870 1928 Italia,
1907 1868 1923 1895 ‘
1946 1867 1997 1915 in
2042 1866 2230 1930 quibus
2255 1867 2343 1930 jus
2381 1867 2670 1930 dicebatur,
2703 1875 2764 1918 et

1694 1942 1937 1992 nundinae
1961 1941 2269 2006 agebantur,
2291 1947 2347 1991 et
2386 1949 2500 1993 erat
2522 1943 2772 2008 quaeum

1695 2031 1875 2066 earum
1897 2016 2225 2079 respublicaz
2258 2031 2430 2082 neque
2462 2024 2635 2067 tamen
2657 2032 2763 2068 ma·

1697 2092 1940 2155 gistratus
1957 2107 2075 2142 suos
2099 2093 2391 2143 habebant:
2415 2093 2468 2141 in
2490 2108 2615 2158 quas
2636 2094 2767 2158 legi-

1695 2167 1791 2217 bus
1826 2166 2066 2230 praefecti
2102 2168 2450 2218 mittebantur
2472 2169 2766 2233 quotannis,

1696 2244 1784 2309 qui
1795 2244 1884 2308 jus
1906 2245 2161 2295 dicerent.
2226 2247 2457 2297 Quarum
2483 2246 2586 2296 duo
2610 2259 2765 2311 gene·

1697 2334 1758 2368 ra
1791 2319 1974 2370 fuere:
2009 2322 2230 2370 alterum
2272 2321 2327 2369 in
2365 2337 2493 2387 quas
2526 2321 2766 2373 solebant

1696 2393 1772 2443 ire
1794 2394 2033 2458 praefeeti
2056 2401 2276 2461 quatuor
2295 2396 2532 2447 Sevirum
2557 2412 2651 2463 pro
2674 2411 2765 2463 po·

1697 2471 1809 2533 puli
1841 2469 2086 2534 suffragio
2108 2473 2294 2534 creati,
2328 2473 2529 2524 scilicet
2561 2475 2613 2523 in
2650 2476 2764 2524 haec

1696 2545 1919 2609 oppida;
1959 2546 2212 2609 Capuam,
2230 2549 2436 2611 Cumae,
2458 2550 2761 2613 Casilinum,

1691 2620 2022 2685 Vulturnum,
2034 2622 2320 2688 Liternum,
2328 2625 2595 2687 Puteolos,
2605 2624 2769 2675 Acer-

1693 2711 1800 2760 ras,
1842 2698 2153 2762 Suessulam,
2194 2698 2446 2762 Atellam,
2489 2700 2763 2753 Calatiam.

1694 2772 1955 2840 Alterum,
1997 2776 2053 2824 in
2095 2789 2224 2840 quas
2264 2776 2475 2826 Proetor
2518 2775 2762 2828 Urbanus

1695 2849 1976 2914 quotannis
2006 2851 2318 2915 imperabat,
2350 2851 2437 2915 qui
2464 2852 2768 2915 judicarent

1695 2938 1762 2974 ex
1778 2924 1996 2991 legibus,
2007 2932 2069 2975 ut
2082 2926 2307 2988 Fundos,
2322 2927 2574 2987 Formias,
2591 2927 2766 2992 Caere,

1692 2999 1996 3064 Venafrum,
2014 3000 2223 3065 Allifas,
2241 3002 2570 3062 Privernum,
2591 3001 2767 3068 Anag-

1695 3077 1854 3140 niam,
1878 3078 2202 3138 Fmsionemz,
2225 3077 2416 3141 Reate,
2446 3077 2764 3140 Saturniam,

1696 3154 1958 3218 Nursiam,
1990 3153 2264 3219 Arpinum,
2300 3155 2507 3220 aliaque
2536 3157 2769 3220 complu·

1698 3228 1792 3293 ra,’
1816 3228 1986 3294 inquit
2005 3230 2210 3280 Festus.

1700 3324 1709 3329 >
1763 3304 1940 3357 Quare
1993 3320 2111 3355 cum
2152 3304 2207 3354 in
2248 3303 2597 3372 praefecturis,
2650 3308 2766 3358 sina

1697 3382 1806 3432 nlla
1834 3381 1937 3433 fori
1977 3383 2392 3448 praescriptione,
2410 3384 2493 3434 rei
2531 3398 2599 3435 ex
2630 3385 2764 3450 legi-

1699 3458 1798 3508 bus
1831 3458 1913 3523 agi
1933 3465 2167 3524 possent,
2185 3459 2421 3525 iniquum
2442 3458 2627 3511 fuisset
2646 3461 2763 3511 illos

1700 3534 1871 3598 adjus
1894 3535 1946 3583 in
1968 3534 2150 3585 urbem
2172 3535 2306 3598 rapi.
2380 3535 2676 3586 γενναία-ς.

1761 3611 1864 3661 Aut
1895 3625 2061 3661 vocare
2092 3626 2154 3660 ex
2175 3611 2323 3661 Italia
2342 3626 2447 3661 cum
2478 3612 2766 3676 qaibmvlege

1699 3688 1785 3749 agi
1816 3688 1998 3753 posset]
2069 3689 2395 3739 Potestatem
2444 3686 2766 3742 exercebant

1700 3768 1898 3819 tribuni
1919 3773 2122 3817 tantum
2144 3768 2284 3818 intra
2304 3769 2502 3832 urbem,
2518 3773 2574 3817 et
2594 3774 2767 3831 extra,

1696 3840 1834 3894 forte
1866 3845 1933 3894 ad
1966 3844 2161 3909 aliquot
2198 3859 2415 3908 passus:
2451 3850 2508 3894 et
2542 3844 2617 3895 sic
2654 3856 2767 3895 uon*

1698 3919 1851 3971 licuit
1869 3919 1994 3983 ipsis
2020 3934 2207 3969 vocare
2238 3921 2468 3971 homines
2501 3935 2562 3971 ex
2594 3922 2767 3984 Italia,

1700 4000 1758 4043 et
1777 3995 2043 4059 praecipue
2065 3995 2200 4058 illos,
2219 4010 2337 4045 cum
2353 3995 2538 4061 quibus
2561 3996 2769 4048 ordina·

1696 4068 1774 4120 rio
1788 4070 1910 4134 jure
1935 4069 2020 4134 agi
2042 4076 2220 4134 posset
2254 4071 2311 4119 iu
2346 4071 2461 4134 ipsa
2492 4070 2766 4134 provincia

1697 4161 1790 4197 seu
1814 4146 2114 4215 municipio,
2154 4153 2248 4198 aut
2283 4148 2337 4196 in
2360 4147 2475 4212 ipsa
2494 4147 2671 4199 Urbe:
2708 4155 2766 4198 et

1697 4222 1943 4274 adversus
1961 4234 2089 4289 quos
2104 4223 2247 4275 nulla
2264 4223 2341 4274 vis
2359 4237 2427 4290 eg
2450 4224 2762 4275 necessitate
