3100 4925
468 417 609 485 1.ss
629 421 744 496 6⁵3

1182 423 1606 476 ANNAMUM
1649 425 1801 475 mn.
1844 424 1995 476 xn-

2485 408 2656 480 1381

527 565 661 635 69.
699 567 917 648 Tnnc,
956 565 1180 633 medio
1203 566 1359 698 diei,
1388 566 1649 631 tortium
1684 572 1837 633 ante
1865 565 2020 632 idus
2033 573 2077 604 ¹¹¹
2102 565 2344 634 octob.
2351 574 2370 606 ¹
2399 566 2653 634 foribus
2689 545 2692 549 k

511 733 662 794 M
677 742 763 793 rub
783 742 1044 807 meridiem,
1079 741 1157 793 aie
1176 742 1320 792 tertio
1340 742 1516 792 decim
1540 741 1775 805 Octobris,
1803 742 1951 792 valvis
1972 742 2146 832 palatii
2167 743 2413 806 derepente
2442 741 2654 816 patentis

1378 851 1524 871 ‘M‘
1527 852 1587 871 ‘O
1590 852 1673 874 ‘O‘
1678 851 1735 871 00

528 923 555 969 1
589 919 676 970 Ita
696 920 825 970 Mss.
860 920 999 969 Flor.
1019 919 1131 971 Jes.
1155 924 1211 969 et
1229 888 1391 969 editio
1414 918 1670 1002 princeps.
1733 917 1798 967 In
1822 918 1925 969 Ms.
1955 916 2105 967 Bodl.
2133 913 2379 967 Octobres.
2443 914 2653 968 Rbenx'-

460 997 557 1034 nus
595 984 790 1050 primus
828 984 1013 1048 edidit,
1042 984 1201 1033 tertio.
1267 983 1493 1033 Brotier.

1443 1080 1662 1135 NOTAE

518 1160 533 1196 ¹
560 1162 841 1227 Tema-sque
856 1163 1151 1226 prosperum]
1184 1162 1386 1227 Nempe
1406 1176 1507 1225 quo

455 1235 681 1289 feliciter
718 1240 817 1288 iret
852 1239 903 1287 in
941 1245 1109 1288 castra
1142 1240 1304 1303 Nero,
1342 1244 1398 1289 et
1433 1239 1506 1288 ibi

455 1314 716 1377 Imperator
735 1317 1118 1365 consalutaretur.

518 1384 810 1454 Tempu-sque
814 1390 1109 1453 prosperum]
1142 1391 1313 1454 Igitur
1326 1391 1507 1440 habuit

451 1466 664 1517 fatalem
701 1469 875 1516 horam
900 1467 1042 1516 Nero
1061 1473 1117 1515 et
1148 1467 1413 1528 nascendi,
1449 1474 1528 1517 et-

451 1544 721 1593 sumendi
707 1544 995 1608 imperium,
1008 1558 1068 1592 ac
1084 1543 1348 1592 moriendi.
1373 1544 1503 1593 Nas-

448 1620 600 1669 cendi
620 1619 827 1684 quidem
850 1624 985 1668 teste
1007 1620 1217 1668 Sueton.
1240 1624 1287 1668 6.
1321 1619 1337 1646 ‘
1359 1619 1499 1668 Nero

447 1701 600 1745 natus
639 1701 721 1744 est
739 1693 918 1756 Antii:
956 1697 1051 1743 ἀει.
1086 1696 1101 1721 ‘
1128 1700 1325 1742 tantum
1362 1694 1498 1758 quod

445 1772 712 1821 exoriente
739 1770 867 1832 sole,
889 1784 1036 1832 paene
1056 1778 1114 1819 ut
1136 1771 1312 1829 radiiS,
1336 1770 1498 1833 prius-

446 1861 599 1910 quam
631 1853 789 1907 terra,
826 1846 1229 1908 contingeretur.
1286 1847 1372 1895 De

444 1920 618 1972 nitura
638 1922 747 1984 ejus
770 1920 943 1982 statim
967 1922 1127 1970 multa
1166 1927 1223 1969 et
1245 1862 1499 1989 ''formigo-

442 1997 555 2046 losa
575 1998 748 2047 multis
768 1996 1204 2059 conjectantibus,'
1223 1999 1321 2045 ὅτε.
1362 1998 1377 2023 ‘
1397 1997 1495 2046 Rass

442 2070 513 2119 dii
534 2078 834 2122 nascentem
859 2085 974 2119 eum
997 2073 1091 2119 sub
1116 2070 1368 2120 Auroram
1391 2072 1495 2120 cir-

442 2148 832 2211 cumfulsernnt,
868 2165 970 2198 non
994 2165 1025 2197 a
1048 2151 1173 2212 sole,
1209 2149 1345 2213 quod
1383 2150 1490 2213 qui-

439 2224 555 2273 dem
578 2232 873 2287 appareret,
895 2222 1140 2273 immissi!

503 2300 675 2360 Etiam
710 2307 765 2349 et
804 2299 1051 2348 moriendi
1091 2298 1249 2348 fatale
1287 2304 1489 2363 tempus

436 2374 614 2425 babuit
657 2381 713 2424 et
754 2372 1016 2422 confessus
1054 2379 1135 2421 est
1175 2373 1288 2435 ipse
1327 2374 1491 2436 Nero,

434 2450 645 2500 Sueton.
659 2453 769 2500 49.:
792 2450 809 2477 ‘
826 2448 1151 2498 Conterritus
1171 2448 1297 2498 duos
1318 2450 1491 2513 pugio-

434 2540 525 2576 nes
541 2541 667 2591 quos
686 2540 857 2575 secum
877 2526 1083 2587 tulerat,
1099 2526 1346 2587 arripuit:
1383 2535 1490 2575 ten-

432 2606 647 2665 tataque
668 2601 935 2665 utriusque
959 2601 1088 2663 acie,
1116 2616 1288 2649 rursus
1309 2603 1485 2651 condi-

432 2676 530 2740 dit,
551 2683 788 2727 causatus
807 2676 1032 2725 nondum
1061 2676 1241 2726 adesse
1271 2676 1484 2729 fatalem

431 2752 645 2802 boram!

496 2830 708 2891 Sueton.
729 2834 811 2879 41.
845 2829 1095 2894 ‘Neapoii
1115 2830 1181 2880 de
1200 2836 1340 2881 motu
1361 2831 1485 2881 Gal-

427 2903 606 2954 liarum
625 2905 870 2968 cognovit
889 2906 1007 2954 die
994 2920 1123 2968 ipso,
1143 2922 1242 2970 quo
1264 2914 1481 2957 matrem
1499 2934 1502 2939 ·

427 2978 728 3028 occiderat!
763 2977 928 3040 Idem,
948 2983 1029 3026 57.
1095 2980 1111 3007 ‘
1136 2980 1285 3029 Obiit
1305 2996 1482 3053 secun-

427 3055 494 3104 do
517 3064 571 3105 et
593 3055 856 3119 trigesimo
879 3055 1048 3105 aetatis
1082 3048 1231 3118 anno,
1269 3057 1355 3106 die
1376 3049 1479 3121 quo

426 3132 679 3196 quondam
703 3130 977 3180 Octaviam
999 3131 1370 3181 interemerat)

471 3208 649 3259 ‘Forte
679 3215 802 3257 tunc
828 3208 1036 3268 aderat,
1070 3223 1187 3256 cum
1219 3208 1273 3256 in
1306 3216 1479 3260 castra

423 3290 632 3333 evectus
655 3291 750 3347 est,
765 3285 1061 3346 Thrasyllus
1084 3284 1238 3347 filius,
1260 3284 1355 3350 qui·
1372 3287 1477 3336 Ne-

424 3360 537 3419 roni
579 3360 847 3424 imperium
884 3361 1216 3425 praedixerat,
1258 3367 1317 3411 ut
1341 3358 1475 3411 'olim

421 3442 572 3505 pater
594 3437 751 3500 illius,
769 3436 993 3487 Tiberio.

490 3510 707 3574 Tempus]
738 3512 824 3561 Sic
849 3513 1057 3562 Sueton.
1079 3512 1210 3562 Ner.
1233 3518 1281 3563 8.
1314 3513 1330 3542 ‘
1350 3513 1477 3577 Sep-

418 3587 694 3645 temdecim
717 3595 864 3636 natus
887 3603 1065 3652 annos,
1090 3595 1150 3637 ut
1170 3589 1235 3638 de
1259 3589 1473 3639 Claudio

417 3663 587 3723 palam
626 3661 818 3712 factum
855 3672 956 3726 est,
994 3664 1131 3714 inter
1152 3665 1327 3714 boram
1360 3664 1472 3714 sex-

417 3745 520 3784 tam
546 3737 917 3802 septimamque
954 3740 1202 3802 processit
1223 3739 1290 3788 ad
1313 3754 1469 3788 excu-

415 3811 638 3861 bitores:
676 3827 789 3861 cum
807 3814 872 3862 ob
893 3815 1050 3863 totiu's
1069 3814 1173 3862 diei
1190 3815 1469 3878 diritatem,

411 3901 515 3935 non
546 3888 685 3937 aliud
708 3889 1006 3951 auspicandi
1048 3898 1249 3953 tempus
1269 3891 1467 3940 accom-
1489 3924 1497 3936 .

411 3961 670 4021 modatius
695 3963 989 4027 videretur,'
1015 3966 1066 4014 id
1088 3972 1187 4030 est,
1223 3966 1360 4016 inter
1382 3967 1471 4016 ho-

411 4050 522 4084 ram
556 4037 810 4100 meridiei,
842 4045 897 4088 et
928 4039 1105 4087 boram
1123 4041 1343 4102 primam
1380 4052 1471 4104 po-

409 4112 764 4173 meridianam,
785 4120 957 4162 n'ostro
982 4129 1142 4176 more,
1160 4117 1403 4178 processit.

476 4188 551 4237 At
587 4189 793 4237 videtur
828 4188 901 4238 ibi
941 4188 1217 4239 Suetonius
1264 4196 1467 4241 tantum

409 4263 683 4315 attendere
716 4264 783 4314 ad
823 4265 1028 4328 coelum,
1067 4279 1161 4314 seu
1192 4264 1500 4332 tempesta·

1592 1169 1693 1214 tem
1709 1163 1951 1229 aliquam,
1965 1177 2068 1212 non
2087 1163 2154 1211 ad
2172 1161 2366 1211 monita
2383 1159 2646 1210 Chaldaeo-

1590 1253 1720 1301 rum,
1752 1246 1811 1289 ut
1833 1241 1991 1289 habet
2010 1240 2253 1299 Tacitus,
2238 1255 2250 1267 ·
2285 1238 2378 1287 sed
2411 1236 2550 1287 forte
2573 1237 2641 1287 ad
2663 1301 2671 1308 ν

1589 1321 1862 1380 utrumque
1885 1315 2192 1365 advertebat
2211 1313 2518 1400 Agrippina,
2538 1327 2644 1363 non

1586 1392 1921 1442 mediocriter
1957 1389 2318 1456 superstitiosa
2351 1389 2403 1437 in
2428 1403 2484 1438 re
2506 1387 2643 1437 tanti

1585 1467 1848 1516 momenti.

1649 1543 1712 1591 Id
1754 1542 2027 1591 iufaustum
2067 1546 2212 1591 certe
2251 1554 2399 1591 omen
2439 1538 2639 1603 fuit,s1

1584 1619 1766 1666 coelum
1791 1632 1891 1667 non
1916 1629 2153 1666 serenum
2168 1622 2323 1665 esset.
2360 1616 2575 1664 Tacitus
2598 1615 2635 1665 l.

1581 1708 1619 1743 1.
1655 1695 1795 1746 Hist.
1872 1696 1888 1723 ‘
1915 1695 2168 1745 Quartum
2202 1692 2328 1741 Idus
2359 1691 2635 1741 Januarias

1568 1769 1772 1827 ,foedum
1794 1770 2040 1819 imbribus
2061 1770 2199 1819 diem
2216 1762 2445 1818 ton'itrua
2465 1776 2522 1818 et
2538 1767 2636 1819 ful-

1447 1861 1497 1895 e·
1579 1862 1706 1910 gnra
1738 1855 1794 1896 et
1817 1847 2051 1896 coelestes
2090 1846 2241 1894 minae
2264 1844 2402 1893 ultra
2423 1844 2631 1893 solitum

1579 1916 1929 1971 turbaverant.
1975 1921 2320 1972 Observatum
2339 1919 2390 1968 id
2413 1919 2636 1983 antiqui·

1575 2002 1655 2045 tus
1693 1989 1913 2047 comitiis
1949 1989 2264 2057 dirimendis,
2302 2010 2406 2043 non
2445 1995 2633 2072 terruit

1575 2072 1814 2138 Galbam,
1836 2076 2106 2138 quominus
2145 2072 2199 2121 in
2234 2078 2409 2122 castra
2447 2081 2630 2135 perge-

1573 2154 1679 2197 ret:
1713 2157 2083 2199 contemtorem
2102 2150 2300 2213 talium,
2317 2156 2376 2198 ut
2395 2148 2631 2198 fortuito-

1572 2237 1707 2272 rum:
1742 2239 1833 2273 seu
1856 2240 1971 2288 quae
2011 2223 2119 2274 fato
2142 2232 2369 2285 manent,
2393 2225 2627 2289 quamvis

1571 2298 1874 2362 significata,
1896 2315 1997 2349 non
2019 2299 2287 2349 vitantur!

1634 2375 1705 2424 Et
1726 2363 1877 2436 infra,
1899 2374 1973 2423 sic
1991 2375 2133 2425 Otho
2151 2390 2248 2439 pro
2265 2376 2512 2427 concione
2533 2376 2627 2426 mi-

1569 2449 1688 2499 lites
1728 2441 2031 2515 alloquitur:
2069 2452 2083 2478 ‘
2108 2449 2343 2511 Vidistis,
2372 2445 2643 2505 *commin--

1569 2531 1736 2589 tones,
1800 2525 2016 2574 notabili
2083 2531 2412 2588 tempestate,
2463 2527 2625 2575 etiam
2677 2537 2681 2541 ’

1566 2601 1710 2649 Deos
1753 2598 2027 2649 infaustam
2070 2599 2399 2664 adoptionem
2441 2600 2639 2650 adverae
2732 2666 2736 2675 q

1566 2674 1785 2724 santesz'
1818 2675 1882 2723 ad
1908 2676 1959 2724 id
1983 2676 2145 2724 solum
2168 2674 2456 2725 advertisse
2478 2676 2620 2727 vide-

1497 2752 1503 2761 '
1566 2755 1651 2798 tur
1670 2751 1752 2799 hic
1773 2751 2064 2812 Suetonius,
2096 2765 2281 2813 nempe
2301 2765 2368 2801 ex
2404 2752 2641 2846 diritate<

1564 2824 1668 2874 diei
1689 2825 1824 2872 male
1847 2824 2221 2874 ominabantur.

1628 2900 1784 2949 Forte
1819 2899 1885 2948 ad
1919 2905 2190 2963 utrumque
2207 2899 2414 2949 Tacitus
2438 2901 2621 2952 adver·
2632 2912 2639 2923 ⁵

1564 2976 1650 3038 tit,
1683 2986 1867 3040 nempe
1890 2976 1957 3025 ad
1979 2976 2180 3039 coelum,
2210 2981 2266 3026 et
2302 2972 2369 3025 ad
2390 2976 2617 3028 siderum

1560 3069 1650 3103 seu
1695 3055 1940 3119 temporis
1977 3056 2291 3120 interpretes
2320 3057 2640 3108 ·Chaldaeos.·

1531 3130 1534 3137 ’
1562 3130 1697 3178 Nam
1719 3131 1760 3180 si
1782 3131 1849 3179 de
1871 3132 2397 3195 tempestateagitur,
2416 3136 2640 3194 augures·

1558 3207 1857 3256 consuleudi
1907 3203 2136 3269 fuerunt,
2177 3206 2222 3255 si
2266 3205 2333 3256 de
2376 3213 2635 3273 tempore·

1557 3294 1826 3344 prospero,
1851 3281 2081 3330 Chaldaei.
2118 3296 2127 3303 ¹
2634 3297 2639 3303 ·

1620 3356 1919 3407 Juvenalis:
1955 3356 1970 3382 ‘
1990 3371 2104 3419 quae
2125 3360 2301 3405 castra
2317 3356 2427 3406 viro
2448 3357 2615 3421 patri-

1558 3446 1742 3495 amque
1761 3437 1996 3495 petente,
2026 3431 2145 3480 Non
2168 3430 2267 3480 ibit
2287 3428 2501 3494 pariter,
2519 3447 2628 3493 nus

1555 3509 1710 3557 meris
1752 3511 1994 3556 revocata
2029 3504 2306 3568 Thrasylli.
2376 3506 2463 3555 Ad
2498 3508 2612 3571 pri-

1554 3599 1691 3633 mum
1732 3582 1957 3646 lapidem
1991 3581 2207 3642 vectari,
2243 3595 2361 3665 cum
2416 3582 2637 3647 placet„

1550 3660 1680 3709 hora
1701 3654 1931 3708 sumitur
1950 3656 2015 3706 ex
2038 3655 2206 3705 libro?

1614 3735 1879 3798 Satyricus
1895 3733 2097 3783 videtur
2112 3732 2383 3782 habuisse
2369 3748 2422 3782 ιιι
2437 3734 2607 3787 animo
2620 3732 2631 3745 ‘

1551 3810 1890 3874 Agrippinam
1914 3817 1968 3858 et
1993 3810 2276 3870 Neronem3
2309 3822 2427 3858 nam
2461 3808 2635 3862 certe'

1547 3886 1845 3948 Thrasyllus
1868 3885 2029 3949 patris
2051 3882 2234 3933 famosi
2267 3882 2423 3947 filius,
2445 3885 2635 3949 impe-*²
2672 3898 2679 3906 ·

1549 3961 1683 4009 rium
1727 3961 1949 4010 Neronis
1999 3959 2242 4024 praedixit
2276 3958 2635 4025 Agrippinae,>

1550 4044 1606 4087 et
1635 4037 1782 4086 simul
1822 4036 2179 4100 parricidium,
2214 4036 2296 4086 cui
2336 4038 2606 4102 respondit

1493 4148 1498 4151 -
1547 4112 1661 4176 ipsa
1710 4120 1933 4172 temere;
1981 4115 1999 4142 ‘
2024 4111 2269 4174 Occidet,
2327 4112 2616 4187 dummodo·

1548 4187 1810 4252 imperet?
2613 4240 2617 4245 .

1609 4271 1647 4298 ω
1684 4265 1896 4323 Tertium
1916 4269 2027 4315 ante
2046 4264 2174 4328 idus]
2203 4220 2384 4315 Tertia
2400 4264 2603 4321 decima
2630 4276 2634 4286 ·
