3100 4925
430 344 662 424 sats·

1175 368 1243 420 O.
1259 364 1275 408 T
1290 367 1486 419 GO'RN
1497 367 1659 418 nur
1696 365 1951 417 'lffl'cl’rs

2319 369 2507 453 [3..3.
2522 372 2641 424 sos.

1417 620 1422 627 ’
1437 586 1656 658 ΝΟἹἙ

455 715 815 803 imaginantur,
867 730 994 785 ‘non‘
1019 750 1143 787 vero
1197 724 1375 786 ludum
1421 738 1511 786 aut

451 812 823 875 spectaculum,
847 821 902 862 et
924 813 975 863 hi
1000 811 1127 863 falso
1150 826 1258 862 rem
1280 813 1431 862 istam
1456 813 1509 862 in

455 891 621 952 majus
663 898 888 954 augent:
938 892 1004 941 de
1048 898 1256 943 centum
1296 891 1510 940 navibus

441 966 800 1030 ὀοιιοεᾱίι333,
815 983 915 1016 non
928 967 992 1016 de
1004 968 1398 1033 quinquaginta,
1411 980 1509 1016 non

456 1039 521 1090 de
545 1047 752 1090 centum
778 1043 1089 1093 triremibus.

434 1127 440 1132 ·
462 1130 466 1134 ’
520 1112 591 1165 Et
612 1119 747 1181 qnod
765 1125 969 1182 spectat
989 1119 1055 1167 ad
1073 1132 1159 1168 eos
1163 1119 1281 1183 ‚qui
1300 1118 1511 1168 restrin-

457 1198 584 1254 gunt
607 1200 828 1242 mentem
848 1194 1032 1243 Dionis
1053 1192 1118 1242 ad
1138 1193 1512 1257 quinquaginta

377 1320 383 1329 ι
437 1276 611 1316 ⁴naves
635 1268 686 1315 ln
711 1274 929 1332 utraque
964 1267 1190 1319 factione
1214 1271 1509 1330 certantes3

456 1341 508 1390 i‘d
529 1343 989 1405 mimis·verisimile
1014 1344 1237 1405 videtur,
1272 1344 1317 1392 si
1356 1346 1511 1408 respi-

456 1417 530 1467 cis
549 1427 856 1483 apparatum
878 1420 1022 1468 illum
1040 1420 1318 1483 ingentem,
1336 1426 1391 1468 et
1410 1434 1513 1468 ma-

448 1493 620 1555 jorum
662 1495 866 1544 navium
902 1501 956 1544 et
991 1496 1204 1544 aliarum
1241 1496 1513 1559 minorum,

436 1570 672 1632 ‘quarum
688 1572 836 1633 mole,
850 1576 1075 1635 numero,
1092 1576 1148 1620 et
1165 1571 1348 1620 robore
1366 1572 1513 1623 Clau·

458 1643 571 1693 dias
589 1646 744 1708 longe
765 1645 1031 1708 superavit
1045 1646 1359 1708 Augustum.

449 1722 453 1727 ’
523 1718 661 1772 Nam
681 1727 815 1771 teste
836 1722 949 1786 ipso
961 1723 1081 1772 Tac.
1098 1723 1250 1786 longe
1269 1724 1512 1786 majorem

459 1802 782 1861 apparatum·
807 1803 863 1847 et
896 1799 1113 1847 «navium
1157 1806 1213 1848 et
1254 1786 1513 1848 hominnm

455 1872 702 1922 instruxit
741 1872 1005 1936 Claudius,
1046 1887 1197 1938 quam
1237 1868 1514 1938 Augustus.

458 1945 522 1995 Iu
562 1948 863 2010 spectaculo
900 1946 1104 1997 Claudii
1149 1950 1320 2011 plnres
1360 1950 1516 2014 majo-

459 2032 644 2085 resque
667 2034 823 2071 naves
862 2029 1154 2072 certarunt:
1192 2030 1246 2073 at
1272 2025 1388 2088 'ipse
1410 2025 1515 2075 Au·

458 2100 639 2158 gustus
656 2096 707 2144 in
726 2095 1194 2161 lapideAncyrano
1210 2099 1283 2148 sic
1302 2101 1513 2151 scribit:

455 2173 478 2197 θ
498 2168 710 2221 Navalis
732 2172 896 2235 praelii
917 2175 1266 2237 spectaculum
1300 2178 1514 2241 populo,

459 2248 555 2297 δια.
580 2247 806 2311 exhibui,
838 2249 890 2297 in
915 2264 1015 2313 quo
1039 2249 1254 2315 triginta
1279 2259 1514 2303 rostratas

457 2333 618 2375 naves
641 2326 977 2393 triremesque
1003 2327 1271 2393 plurimae!

522 2401 712 2469 Itaque
755 2403 1071 2454 instruxerat
1114 2405 1380 2470 Augustus
1424 2406 1515 2456 tri·

456 2478 604 2542 ginta
648 2487 894 2530 rostratas
943 2496 1118 2543 naves,
1168 2489 1224 2532 et
1265 2491 1520 2547 praeterea

460 2553 701 2619 plurimas
754 2558 1017 2606 triremes:
1063 2556 1220 2620 forte,
1264 2566 1321 2608 et
1364 2574 1518 2610 naves

460 2631 678 2681 minores
697 2633 857 2683 siluit.
923 2634 1109 2698 Itaque
1134 2636 1414 2685 accesserit
1432 2636 1520 2686 ille

461 2718 701 2764 uumerus
719 2709 943 2798 Augusti
965 2712 1030 2760 ad
1054 2710 1393 2776 quadraginta
1431 2721 1521 2763 aut

463 2786 1001 2851 quinquagintanaves
1020 2787 1269 2851 cujusque
1286 2789 1519 2851 generis·
1505 2824 1520 2848 ,

445 2853 519 2910 'et
539 2860 900 2926 Claudius,qui
916 2875 1130 2910 numero
1153 2867 1209 2911 et
1230 2865 1416 2913 robore
1439 2879 1525 2913 na-

463 2934 600 2984 vlum
635 2936 855 2986 excessit
889 2934 1265 3000 spectaculum,
1300 2938 1520 3002 Augusti

462 3021 527 3059 33
571 3010 778 3060 dubitas
824 3013 947 3075 quin
998 3014 1321 3075 superaverit
1364 3015 1522 3064 etiam

462 3097 726 3136 ninmerum
767 3086 910 3137 illum
948 3087 1441 3156 quinquagesimum,
1465 3098 1522 3142 et

445 3161 612 3226 'longe
632 3164 767 3212 ultra
789 3165 1133 3228 processerit?

528 3237 599 3288 Et
621 3246 766 3289 certe
789 3240 1069 3291 multitudo
1102 3242 1308 3292 navium
1338 3243 1520 3295 debuit

464 3314 739 3380 adaequare
770 3316 1150 3367 multitudinem
1184 3323 1522 3382 armatorum3

460 3390 538 3439 ita
558 3396 619 3441 ut
640 3390 819 3455 viginti
845 3390 955 3441 fere
978 3393 1134 3443 millia
1156 3394 1417 3444 bominum
1439 3411 1523 3446 ca-

463 3479 591 3534 pere
610 3473 821 3530 possent
842 3467 943 3517 illae
966 3482 1141 3519 naves.
1207 3470 1277 3519 Et
1295 3472 1338 3519 si
1356 3472 1525 3522 distri-

463 3536 579 3590 buis
622 3542 938 3605 undesiginti
994 3541 1154 3594 millia
1210 3554 1524 3596 armatorum

435 3614 448 3622 ’
466 3620 674 3664 eentum
717 3618 955 3680 navibus,
1022 3620 1249 3681 reperies
1297 3621 1527 3684 qualibet

465 3690 583 3741 navi
616 3692 848 3742 invectos
872 3692 1118 3743 ducentos
1140 3693 1389 3759 homines,
1411 3697 1526 3760 plus

463 3767 651 3830 miuus,
691 3783 785 3831 pro
826 3768 1030 3817 ratione
1073 3774 1129 3818 et
1172 3771 1525 3832 magnitudine

465 3842 746 3909 cujuslibet
767 3844 925 3893 navis.
991 3845 1060 3894 Et
1095 3859 1162 3893 ne
1198 3845 1397 3895 mireris
1431 3861 1527 3896 nuv-

465 3930 663 3970 merum
680 3918 824 3968 illum
847 3919 1054 3968 navium
1075 3926 1163 3987 aut
1185 3928 1523 3974 armatorum.
1510 3941 1523 3953 ·

445 3991 581 4045 'nam
604 3995 1084 4058 moxDomitianus,
1101 3996 1253 4045 etiam
1273 3987 1526 4060 ιριείιε,ὶιιιν-

466 4077 623 4124 tarum
643 4073 859 4122 classium
885 4071 1056 4134 instar,
1087 4075 1297 4123 navales
1330 4090 1529 4139 pugnas

465 4148 716 4211 exhibuit,
748 4156 804 4198 et
836 4147 995 4197 etiam
1031 4149 1255 4197 excessit
1293 4150 1527 4214 praelium

465 4221 592 4275 illud
607 4222 841 4288 Claudii,
860 4228 921 4273 ut
942 4236 1145 4288 semper
1166 4225 1355 4275 crescit
1375 4226 1531 4277 luxus

1586 741 1648 785 et
1670 731 1900 795 andacia.
2612 730 2631 755 ³

1640 804 1863 876 Itaque,
1902 810 1944 858 si
1987 808 2201 873 respicis
2247 808 2433 872 viginti
2488 808 2651 858 minna

1586 889 1848 937 hominum
1867 893 2063 936 armata
2076 890 2132 933 et
2148 886 2374 934 ostentui
2392 883 2650 941 exhibita3

1580 964 1633 1013 si
1653 963 1871 1027 respicis
1894 976 2023 1026 opus
2048 961 2346 1009 immensum
2380 954 2651 1009 emittendi

1588 1039 1751 1100 lacus,
1782 1050 1887 1102 quo
1921 1051 2076 1101 opere
2110 1037 2411 1086 insudarunt
2435 1035 2651 1098 triginta

1589 1117 1748 1165 millia
1769 1117 2026 1165 hominum
2066 1129 2161 1179 per
2183 1114 2419 1164 undecim
2460 1127 2651 1174 annos3

1593 1194 1635 1243 si
1659 1194 1872 1256 respicis
1897 1194 2163 1257 ingentem
2197 1194 2339 1240 lacus
2377 1192 2648 1252 ambitum,

1593 1272 1820 1336 undique
1840 1273 2035 1321 ratibus
2057 1278 2110 1320 et
2136 1272 2455 1336 praetorianis
2474 1271 2652 1319 colion-

1578 1348 1733 1397 'tibus
1757 1347 2160 1407 circumdatum3
2199 1348 2238 1396 si
2278 1348 2487 1410 respicis
2512 1348 2654 1397 uclus-

1593 1423 1768 1489 siarios
1792 1424 1979 1486 passim
2004 1429 2117 1472 toto
2141 1424 2254 1472 lacu
2281 1423 2574 1486 dispositos,
2595 1427 2655 1471 ut

1592 1508 1777 1561 nempe
1796 1498 2131 1562 prohiberent
2155 1499 2568 1560 repellerentque
2589 1490 2654 1546 si·

1582 1574 1697 1623 'mul
1720 1589 1833 1624 cum
1858 1575 2181 1639 praetorianis
2207 1581 2493 1638 pugnantes
2516 1574 2658 1622 dam-

1582 1657 1756 1709 natos»,
1801 1651 1843 1699 si
1890 1666 2040 1714 quam
2086 1650 2191 1698 vim
2245 1648 2513 1709 inferrent,
2568 1648 2659 1698 aut

1593 1726 1748 1775 etiam
1800 1725 1971 1788 fugam
2016 1741 2045 1774 e
2088 1739 2262 1789 pugna
2321 1725 2650 1784 molirentur-3

1588 1802 1726 1851 hunc
1761 1809 1904 1852 certe
1941 1816 2209 1851 numerum
2244 1815 2446 1849 mecum
2471 1814 2655 1864 appro-

1594 1877 1760 1927 babis.
1828 1892 1835 1897 ·

1660 1951 1813 2004 Quod
1839 1951 2068 2015 pertinet
2091 1951 2155 1999 ad
2181 1966 2244 2000 ea
2265 1951 2425 2000 verba
2444 1951 2655 2000 Dionis':
2720 1964 2729 1971 ·

1594 2025 1758 2089 τεῖχός
1776 2045 1833 2075 τε
1852 2026 1956 2091 περὶ
1969 2025 2116 2084 αὐτὴν
2125 2025 2311 2088 ξύλινον
2324 2025 2660 2093 κατεσκεῦᾳσε,

1595 2102 1672 2151 καὶ
1689 2101 1810 2166 ἰκρία
1832 2101 1986 2164 ἔπηξε·
2011 2103 2062 2151 id
2078 2110 2177 2164 est,
2198 2104 2213 2130 ‘
2229 2104 2541 2166 Murumque
2566 2103 2660 2171 lig·

1596 2192 1748 2228 neum
1772 2178 1911 2228 circa
1931 2179 2074 2226 illum
2096 2180 2275 2226 lacum
2292 2172 2580 2239 exstruxit,
2602 2184 2657 2226 et

1596 2255 1945 2318 tabulata,seu
1963 2256 2126 2319 palos,
2139 2261 2227 2303 aut
2243 2253 2418 2302 trebes
2435 2253 2617 2302 defixit
2629 2253 2662 2302 :’

1594 2344 1698 2381 non
1732 2331 1927 2381 debent
1960 2330 2111 2379 aliter
2139 2329 2368 2393 intelligi,
2403 2344 2551 2394 quam
2593 2342 2660 2379 ex

1596 2414 1771 2456 mente
1794 2415 1845 2455 et
1868 2407 2080 2455 historia
2099 2406 2263 2455 Taciti
2286 2421 2298 2454 ε
2337 2404 2408 2453 ita
2429 2411 2486 2452 ut
2504 2410 2664 2452 mmm
2718 2407 2729 2417 ⁶

1599 2484 1686 2533 ille
1709 2483 1913 2544 ligneus,
1940 2483 2062 2531 nihil
2088 2481 2227 2531 aliud
2252 2481 2338 2542 sit,
2362 2494 2510 2545 qnam
2535 2485 2665 2529 rates

1599 2558 1724 2619 inae,
1747 2558 1929 2622 quibus
1955 2557 2200 2608 Claudius
2224 2557 2390 2606 cinxit
2412 2556 2663 2606 ambitum

1596 2635 1763 2695 lacus,
1807 2649 1908 2699 quo
1954 2636 2144 2684 classes
2195 2645 2424 2698 pugnare
2470 2632 2671 2723 debue-

1604 2718 1743 2759 runt.

1608 2781 1613 2784 ’
1667 2785 1737 2835 Et
1781 2799 1895 2834 cum
1940 2785 2074 2835 mica
2134 2785 2251 2835 salis
2297 2783 2665 2845 intelligendus

1601 2861 1720 2926 Dio,
1759 2863 1845 2926 qui
1882 2860 2133 2911 exscribit
2171 2860 2436 2910 historiam
2477 2862 2666 2909 Roma-

1601 2949 1718 2985 nam
1753 2953 1816 2987 ex
1849 2936 2145 2986 auctoribus
2175 2937 2322 2985 Rom.
2346 2935 2687 2999 invertitqu&

1601 3013 1793 3062 Graeco
1813 3028 1903 3061 suo
1926 3025 2176 3072 sermone,
2196 3020 2250 3060 et
2274 3023 2411 3074 saepe
2435 3011 2566 3059 male
2588 3010 2667 3080 in-

1601 3088 1777 3139 vertit.
1847 3089 1915 3138 Et
1939 3096 2082 3138 certe
2106 3083 2284 3137 debuit
2307 3088 2406 3137 Dio
2428 3089 2523 3136 hoc
2546 3088 2665 3136 loco

1601 3162 1915 3226 distinguere
1938 3164 2072 3216 inter
2097 3163 2341 3211 ambitum
2369 3164 2524 3224 illum,
2562 3177 2664 3227 quo

1602 3248 1860 3304 pugnaret
1883 3247 2104 3305 utraque
2128 3239 2324 3300 classis,
2350 3245 2404 3286 et
2427 3238 2564 3287 inter
2588 3247 2665 3288 to-

1605 3324 1711 3365 tum
1745 3316 1990 3366 ambitum
2026 3314 2224 3377 stagni:
2272 3314 2455 3363 debuit
2488 3314 2675 3362 dicere

1602 3409 1784 3443 murum
1810 3394 1948 3442 illum
1970 3394 2197 3454 ligneum,
2233 3407 2322 3439 seu
2346 3397 2486 3439 rates
2508 3389 2666 3442 fuisse

1603 3469 1903 3532 dispositas,
1928 3474 2126 3520 tantum
2151 3467 2293 3528 circa
2310 3465 2675 3530 spatiumque

1605 3559 1780 3607 pugna
1801 3542 2052 3593 committi
2078 3541 2280 3602 debuit,
2303 3554 2402 3589 non
2427 3541 2571 3589 circa
2593 3539 2674 3592 la·

1604 3633 1738 3678 cum,
1765 3617 2053 3667 indefinite.

1672 3696 1806 3745 Nam
1832 3695 1944 3759 quis
1979 3700 2149 3757 putet,
2189 3693 2488 3742 immensum
2522 3693 2666 3742 illum

1602 3769 1791 3831 lacum,
1811 3777 1866 3819 et
1890 3768 1976 3833 qui
2001 3783 2056 3817 se
2080 3766 2392 3823 extenderet
2415 3767 2481 3815 ad
2504 3769 2675 3816 multa.

1605 3844 1866 3907 milliaria,
1896 3851 1951 3892 et
1985 3842 2095 3892 fere
2129 3843 2199 3894 ad·
2229 3842 2453 3907 quinque
2487 3843 2667 3891 leucas

1607 3920 1850 3982 Gallicas,
1884 3920 2136 3969 munitum
2161 3919 2498 3983 undequaque
2521 3933 2676 3969 mum·

1605 3994 1807 4066 ligneo?
1857 4001 1914 4043 et
1955 3996 2041 4044 cui
2085 3993 2220 4043 bono
2268 4000 2421 4045 tanta
2460 4002 2675 4059 tamque

1606 4070 1759 4132 longa
1779 4069 1968 4119 moenia
1988 4069 2040 4117 in
2072 4068 2210 4131 lacu,
2243 4082 2399 4132 quem
2429 4069 2670 4120 emittere

1607 4152 1663 4194 et
1685 4145 1954 4194 exsiccare
1975 4143 2291 4208 cupiebant?

1670 4221 1840 4288 Igitur
1868 4221 1952 4272 hic
1982 4221 2249 4286 intellige,
2269 4235 2371 4271 non
2395 4216 2568 4271 totum
2596 4221 2679 4270 13-
2738 4250 2743 4255 ·
