3100 4925
507 384 683 452 1374

1178 403 1240 450 0.
1286 402 1479 449 CORN
1490 401 1646 449 EL11
1694 400 1950 448 TAcl'rl

2383 408 2474 473 [A.
2497 408 2567 460 u,
2588 413 2713 461 sos.

509 543 878 625 corripitur,
907 540 1418 625 refovendisque
1445 542 1701 606 viribus
1727 542 2004 605 mollitie
2035 543 2193 608 coeli
2222 548 2289 607 et
2318 546 2710 612 salubritate

509 663 857 726 aquarum,
919 643 1302 707 Sinuessam
1368 643 1628 724 pergite
1737 642 1912 706 Tum
1966 641 2363 727 Agrippina,
2411 647 2710 711 sceleris¹

501 840 552 873 se
566 824 765 888 confert,
787 830 842 874 ut
865 827 1151 875 instauraret
1171 825 1297 874 vires
1318 824 1421 872 coeli
1442 825 1709 882 clementia,
1731 828 1779 872 et
1794 838 2020 886 uqzmrum
2039 822 2334 873 salubritate.
2376 823 2499 873 Tam
2515 823 2710 888 Agrip·-

1435 985 1641 1006 “fef“
1647 986 1790 1007 0000&

1170 1094 1198 1139 1
1233 1090 1337 1138 Ms.
1380 1089 1491 1139 Jes.
1531 1090 1772 1137 scelerum.
1837 1087 2067 1138 Brotier.

1508 1233 1722 1283 NOTAE

514 1347 619 1397 sins
658 1347 918 1398 criinine.'

577 1424 861 1487 Praeterea,
893 1440 1026 1474 anne
1072 1426 1282 1476 morbus
1321 1427 1572 1492 principis

475 1544 486 1550 „
511 1503 715 1552 occasio
737 1502 837 1551 fui-t
859 1503 1021 1564 magis
1054 1512 1351 1568 opportuna
1370 1520 1577 1554 veneno

416 1617 421 1622 .
511 1579 717 1628 dando?
747 1579 901 1626 immo
946 1586 1053 1627 tum
1097 1580 1270 1629 acrius
1307 1580 1574 1644 invigilare

513 1655 689 1708 liberti
736 1663 791 1705 et
827 1655 1043 1704 ministri
1077 1656 1371 1705 debuerunt
1415 1657 1577 1705 saluti

510 1730 784 1793 principis,
800 1746 916 1780 cum
935 1739 1260 1794 aegresceret.
1326 1733 1440 1781 Nec
1462 1747 1573 1781 cer·

512 1812 568 1853 te
604 1807 879 1856 Narcissus
909 1814 1252 1871 aegrotantem
1285 1807 1575 1870 principem

512 1893 658 1929 suum
683 1882 983 1944 desereret;
1007 1883 1161 1933 immo
1183 1890 1291 1934 tum
1313 1885 1484 1932 acrius
1500 1885 1576 1932 in·

513 1957 819 2019 vigilassset.

575 2033 764 2083 Potius
808 2033 1011 2084 facinus
1049 2041 1271 2097 occupat
1321 2033 1576 2083 occasionis

511 2108 683 2158 oblutae
714 2126 920 2174 propera
938 2111 1247 2174 Agrippina,
1279 2111 1400 2174 quia
1430 2126 1573 2175 aeger

513 2185 811 2247 Narcissus,
843 2195 897 2235 et
929 2187 1046 2251 quia
1077 2188 1118 2235 is
1143 2188 1327 2236 aberat
1347 2187 1476 2235 urbe
1517 2194 1575 2235 et

515 2260 650 2320 aula,
671 2261 756 2322 qui
789 2262 960 2311 acrius
992 2262 1279 2326 principem
1316 2263 1576 2312 custodie-

516 2333 627 2396 bat,
648 2341 704 2383 et
725 2336 932 2386 insidias
955 2338 1182 2386 mulieris
1206 2339 1428 2387 maxime
1461 2353 1576 2387 sus-

515 2409 784 2472 pectebat.

527 2495 548 2527 -'
577 2482 847 2536 Praeterea
880 2502 945 2537 ex
968 2489 1045 2537 bis
1081 2490 1256 2539 verbis
1278 2492 1403 2540 Tac.
1450 2494 1578 2554 quod

513 2560 728 2611 turbaret
762 2569 963 2612 mentem
1001 2570 1049 2611 et
1079 2571 1273 2614 mortem
1316 2567 1538 2630 differret
1555 2585 1579 2628 ,-

515 2643 682 2699 patet‚
706 2652 806 2686 non
832 2645 1110 2701 aegrotasse
1137 2641 1426 2691 Claudium.
1467 2644 1573 2695 Qui

513 2712 650 2761 enim
669 2720 910 2778 speraret
929 2713 1241 2780 Agrippina,
1263 2725 1480 2767 mortem
1517 2735 1577 2768 se

514 2786 726 2838 differre
769 2788 979 2853 potione
1016 2791 1104 2840 illa
1148 2804 1301 2856 posse
1360 2793 1576 2843 hominis

515 2865 840 2928 aegrotantis,
875 2872 931 2916 et
973 2865 1118 2916 forte
1152 2869 1331 2919 morbo
1366 2870 1574 2920 letifero

514 2940 754 2989 detenti?
784 2954 790 2959 ·

527 3029 540 3035 ·
578 3013 814 3064 Adverte
847 3017 1019 3079 etiam,
1051 3016 1105 3065 in
1143 3024 1261 3085 tota
1297 3020 1386 3068 illa
1419 3035 1574 3075 scena

514 3089 760 3151 criminis»,
776 3092 965 3140 nullam
982 3091 1091 3141 fieri
1109 3094 1416 3143 mentionem
1438 3112 1574 3146 mor-

516 3165 569 3214 bi
591 3166 831 3215 Claudii:
867 3167 1021 3216 immo
1045 3169 1185 3217 clare
1218 3176 1385 3234 patet,
1404 3172 1573 3235 ipsum

512 3241 687 3290 solitas
702 3243 881 3304 epulas
898 3245 1203 3306 celebrasse,
1218 3247 1404 3309 quibus
1418 3247 1573 3297 eibum

512 3314 657 3366 inum
677 3317 994 3367 delectabilem
1018 3319 1306 3369 boletorum
1327 3322 1452 3386 edit,
1465 3328 1571 3386 post

513 3405 645 3459 quem
667 3390 788 3441 nihil
807 3394 1004 3456 amplius
1022 3394 1164 3444 edit:

578 3467 648 3516 Et
681 3467 746 3516 ad
780 3467 903 3531 quid
926 3471 1078 3517 soluta
1106 3472 1237 3519 alvus
1268 3471 1574 3534 subvenisset,

510 3543 554 3590 si
580 3541 784 3592 aliunde
808 3544 986 3592 morbo
1008 3545 1269 3595 laboraret
1287 3548 1571 3598 Claudius?

513 3618 585 3666 Et
613 3625 771 3682 quare
803 3620 1035 3668 exterrita
1056 3622 1344 3685 Agrippina,
1376 3624 1570 3672 cumin

512 3693 568 3743 in
591 3695 820 3743 morbum
853 3697 1234 3758 praecedentem
1254 3713 1426 3748 -causa
1450 3700 1570 3754 talis

512 3771 873 3831 symptomatis
894 3770 1101 3820 refundi
1126 3776 1339 3836 posset?

531 3858 536 3863 ·
585 3843 861 3893 Valetudine
874 3847 1093 3909 adversa]
1129 3849 1333 3912 Repete
1357 3866 1472 3915 quae
1493 3867 1574 3901 su-

512 3930 611 3983 pra
624 3920 881 3970 habentur
894 3937 1009 3986 cap.
1031 3928 1131 3985 644
1165 3925 1249 3975 ubi
1272 3935 1391 3989 post
1411 3930 1576 3979 multa

512 3995 751 4059 prodigia
771 4006 998 4056 narrata,
1022 4014 1155 4062 qua»,
1169 4003 1474 4052 mutationem
1496 4020 1573 4054 re-

512 4084 619 4120 rum
651 4073 702 4120 in
736 4072 941 4121 deterius
973 4075 1365 4139 portenderent,
1388 4078 1568 4128 addit:

511 4146 651 4197 ‘Sed
678 4147 728 4196 in
763 4149 1039 4211 praecipuo·
1054 4165 1244 4214 pavore
1269 4151 1574 4233 Agrippina,

513 4238 695 4279 vocem
709 4224 912 4274 Claudii
928 4240 1080 4291 quam
1099 4229 1409 4278 temulentus
1422 4229 1573 4296 jece-

1651 1353 1753 1409 rat,
1775 1346 1936 1398 fatale
1960 1345 2080 1409 sibi,
2113 1351 2173 1396 ut
2205 1345 2483 1409 conjugum
2515 1342 2719 1408 flagitis

1651 1421 1830 1486 ferret,
1858 1423 1978 1473 dein
2018 1414 2245 1487 puniret,
2278 1430 2537 1484 metuens,
2555 1435 2714 1485 agere

1652 1509 1706 1550 et
1727 1503 1957 1552 celerare
1981 1502 2182 1563 statuit,
2208 1499 2413 1563 perdita
2437 1499 2578 1562 prius
2602 1500 2716 1547 Do-

1653 1578 1837 1641 mitia:
1859 1582 1960 1630 &c-

1717 1657 1788 1704 Et
1804 1670 1917 1718 cap.
1942 1658 2054 1704 αἱ(
2078 1655 2166 1710 Ob
2184 1656 2299 1705 liaec
2321 1668 2457 1703 mors
2479 1651 2714 1715 indicta:

1650 1727 1992 1793 (Domitiae‚)‘
2005 1731 2227 1779 multum
2247 1730 2560 1778 adversante
2577 1728 2717 1777 Nar»-

1652 1806 1800 1869 cisso,
1838 1807 1925 1870 qui
1961 1806 2300 1868 Agrippinam
2327 1804 2490 1867 magis
2522 1803 2719 1866 magis«

1653 1899 1753 1948 que
1775 1882 2116 1947 suspectans,'
2139 1885 2234 1933 διο.

1721 1960 1857 2008 Hinc
1896 1961 2127 2023 colliges,
2149 1957 2485 2023 Agrippinam
2527 1971 2718 2021 prope·

1652 2051 1794 2085 rasse
1827 2038 2017 2100 scelus,
2037 2036 2104 2084 ob
2142 2050 2297 2084 vocem
2327 2035 2471 2082 illam
2492 2033 2723 2088 Claudiis

1652 2113 1864 2172 colliges
1899 2112 2229 2161 adversatum
2269 2109 2427 2159 fuisse
2462 2110 2719 2172 impoten-

1655 2188 1743 2237 tiae
1784 2195 1840 2238 et
1878 2187 2197 2237 facinoribus
2231 2186 2366 2236 illius
2395 2187 2719 2249 Narcissum,

1655 2268 1709 2312 et
1732 2264 1924 2313 acriter
1955 2264 2273 2328 invigilasse,
2298 2271 2407 2311 tum
2443 2276 2572 2325 suae,
2601 2267 2714 2310 turn

1656 2340 1812 2389 saluti
1857 2340 2123 2404 principis,
2165 2354 2229 2388 ne
2274 2340 2400 2403 quid
2445 2338 2716 2390 moliretur

1655 2413 1881 2478 foemina,
1896 2422 2045 2468 atrox
2068 2430 2271 2480 semper
2292 2422 2348 2466 et
2368 2414 2518 2481 falsa,
2532 2422 2586 2466 et
2601 2415 2717 2483 jam

1656 2498 1900 2553 suspecta
1922 2492 2082 2555 magis
2113 2492 2392 2555 magisque.

1721 2569 1794 2615 Et
1835 2583 1901 2616 ex
1932 2569 2012 2616 his
2055 2567 2209 2617 facile
2250 2567 2487 2630 colliges,
2532 2580 2719 2630 prope·
2781 2602 2788 2610 .

1654 2658 1796 2693 rasse
1830 2644 1991 2707 ipsam
2025 2645 2213 2706 scelus,
2237 2648 2293 2692 et
2324 2643 2528 2706 cepisse
2566 2656 2720 2692 occsa

1654 2721 1847 2769 sionem
1869 2720 2156 2784 peragendi
2181 2719 2439 2781 veneficii,
2461 2733 2563 2768 non
2596 2719 2715 2782 quia

1655 2801 1957 2858 aegrotasset
2004 2795 2274 2857 Claudius,
2311 2796 2396 2860 qui
2432 2794 2600 2844 facilis
2641 2794 2719 2843 in-

1654 2871 1816 2932 sidiis,
1841 2871 1932 2919 sed
1957 2872 2076 2935 quia
2108 2877 2277 2920 metus
2303 2884 2367 2919 ex
2404 2869 2639 2932 Claudio,
2660 2875 2720 2920 et

1657 2947 1777 3010 quia
1800 2948 2075 3013 Narcissus
2100 2946 2319 3010 pedibus
2341 2959 2481 3009 aeger
2512 2944 2720 2994 delatus

1652 3024 1967 3085 Sinuessam,
2011 3025 2129 3073 aula
2167 3029 2279 3073 tum
2319 3022 2556 3081 abesset3
2613 3034 2716 3084 quo

1655 3105 1911 3161 praesente
1934 3105 1990 3147 et
2011 3098 2283 3162 vigilante,
2296 3097 2423 3147 talia
2439 3097 2526 3149 vix
2549 3096 2720 3146 moliri

1650 3175 1907 3239 potuisset
1923 3175 2220 3239 Agrippina.

1718 3252 1890 3302 Etiam
1922 3252 2141 3316 resistit,
2159 3251 2301 3316 quod
2338 3249 2479 3304 infra
2518 3251 2677 3301 habes
2700 3266 2719 3300 z

1651 3327 1668 3355 ⁶
1691 3329 2019 3393 Exquisitum
2053 3328 2246 3393 aliquid
2280 3328 2541 3392 placebat,
2574 3327 2719 3391 quod

1652 3403 1890 3454 turbaret
1924 3410 2170 3466 mentem,
2195 3411 2249 3453 et
2281 3410 2504 3455 mortem
2539 3401 2716 3452 differ-

1653 3479 1773 3527 ret?
1840 3479 1914 3529 At
1948 3494 2040 3531 cur
2075 3480 2380 3544 aegrotantis
2417 3485 2475 3528 et
2500 3479 2720 3528 adversa

1653 3555 1950 3605 valetudine
1974 3557 2112 3606 ultro
2136 3556 2363 3619 correpti
2379 3561 2595 3605 mortem
2618 3553 2720 3603 dif-

1651 3626 1855 3680 ferret?
1908 3631 2045 3696 quod
2101 3632 2213 3694 ipso
2266 3630 2376 3681 fato
2418 3631 2618 3681 accersi
2661 3637 2721 3681 et

1650 3703 1910 3770 festinari,
1926 3707 2065 3770 quod
2093 3708 2186 3756 soli
2209 3706 2321 3756 fato
2343 3706 2504 3755 tribui
2526 3705 2718 3768 potnit·

1714 3786 1736 3812 '
1766 3781 2037 3830 Sinuessam
2050 3781 2239 3845 pergit]
2279 3782 2335 3830 Si
2357 3780 2605 3831 Claudius
2626 3780 2718 3831 ad-

1656 3870 1810 3906 versa
1848 3857 2146 3906 valetudine
2190 3858 2488 3920 corripitur,
2520 3872 2614 3906 cur
2644 3855 2721 3906 A·

1655 3931 1898 3996 grippina
1935 3931 2216 3995 delegisset
2246 3946 2499 3981 venenum
2521 3932 2720 3982 lentum

1620 4013 1711 4054 *et
1750 4006 2015 4055 tabidum?
2047 4007 2220 4071 potius
2265 4013 2485 4057 mortem
2529 4021 2719 4072 appro·

1653 4088 1902 4145 potasset,
1923 4089 2367 4146 autrexpectasset
2381 4098 2448 4132 ex
2468 4085 2678 4135 morbo.·

1715 4157 1898 4207 Potius
1916 4165 2018 4221 est,
2036 4165 2097 4208 nt
2115 4157 2389 4208 Narcissus
2409 4158 2465 4208 in
2483 4160 2717 4223 morbum

1649 4232 1893 4284 inciderit
1911 4240 1965 4284 et
1980 4234 2275 4286 Sinuessam
2296 4234 2452 4287 iverit
2468 4250 2485 4299 ς
2511 4250 2615 4302 qua
2632 4248 2723 4286 oc·
