3100 4925
411 344 590 416 1&ss

1090 362 1157 414 ,0.
1202 359 1581 420 comum,
1611 357 1881 410 TAcl'rL

2292 361 2385 426 [A.
2410 354 2609 416 ’0.ᾒοΘὲ
2630 383 2641 392 ·

405 504 800 582 reticuisset,
828 522 1210 587 quanquam
1232 522 1313 567 ne
1333 503 1828 587 impudicitiam
1856 501 2119 584 quidem
2145 510 2331 565 nunc
2355 503 2611 581 abesse}
2658 541 2675 548 ⁶

406 604 714 676 Pallante
770 605 1105 670 adultero:
1088 602 1137 652 ’³‘
1205 617 1288 670 ne
1344 608 1494 689 quis
1549 604 1865 686 ambigat,
1879 599 1906 644 ¹*
1962 604 2194 680 decus,
2265 604 2610 686 pudorem,
2641 643 2681 672 -.

409 771 582 820 uxoris
602 741 845 836 siluisset,
866 772 1095 837 quamvis
1116 784 1183 821 ne
1211 787 1348 821 nunc
1371 771 1580 836 quidem
1601 769 1800 833 flagitia
1822 770 2093 819 libidinum
2119 769 2384 882 αᾶιεεεευῒ,
2367 726 2615 835 ,corrup-

410 842 526 885 tore
553 836 825 900 Pallante;
858 846 914 888 et
946 852 1011 889 ne
1033 838 1146 901 quis
1177 825 1405 901 dubitet,
1434 837 1757 900 Agrippinam
1779 838 2040 897 honorem,
2064 849 2131 897 pu
2175 834 2385 930 icitiam,
2409 843 2615 899 corpus,

1412 980 1625 1031 NOTAE

412 1090 660 1140 accusandi
697 1105 863 1141 causas
891 1099 949 1142 et
986 1092 1272 1144 ulciscendi
1298 1091 1473 1143 offerri

411 1167 543 1226 sibi3
580 1166 632 1215 in
655 1181 758 1231 quo
780 1175 927 1217 certe
962 1182 1066 1217 non
1097 1169 1215 1219 leve
1235 1170 1471 1219 meritum

412 1256 560 1290 suum
603 1240 740 1291 fooet
784 1256 909 1305 erga
947 1244 1255 1307 principem.
1322 1244 1473 1296 Quod
1547 1297 1552 1302 ,

412 1319 683 1368 consilium
705 1334 808 1371 non
842 1321 943 1369 nisi
982 1322 1286 1385 primoribus
1320 1323 1474 1372 labris

415 1394 645 1458 attingit,
680 1409 778 1444 nec
801 1396 928 1444 satis
951 1397 1180 1460 explicat
1204 1398 1475 1448 Narcissus

412 1468 517 1530 hic,
539 1484 784 1519 arcanum
806 1471 935 1520 illud
956 1471 1058 1550 sibi
1082 1480 1135 1523 et
1159 1473 1373 1522 Claudio
1396 1488 1477 1532 te-

413 1562 643 1600 servans.

483 1623 681 1673 Nullam
691 1625 901 1689 principi
890 1625 1157 1689 meritum]
1182 1579 1331 1676 Dicit
1347 1627 1480 1678 Nar-

415 1698 597 1760 cissus,
640 1707 836 1751 certam
882 1702 980 1751 sibi
1025 1703 1307 1765 perniciem
1345 1717 1478 1765 esse,

413 1788 515 1823 seu·
526 1775 874 1839 Britannicus,
890 1791 983 1826 seu
1003 1778 1148 1827 Nero
1164 1778 1473 1842 imperaret-3

377 1843 382 1848 ’
412 1856 538 1901 ante
560 1865 592 1900 a
612 1865 670 1901 se
690 1851 913 1901 delatam
929 1852 1310 1912 Messalliusm3
1338 1868 1478 1916 pares

413 1927 589 1975 iterum
620 1929 871 1978 aoeusaudi
904 1943 1069 1978 causas
1100 1943 1215 1992 esse,
1244 1930 1290 1978 si
1333 1929 1476 1978 Nero

380 2057 384 2062 q
417 2001 761 2065 imperitaret.
1044 2027 1048 2031 ·

482 2076 694 2126 Deinde
749 2080 966 2130 resumit
1020 2080 1363 2131 sententiam:
1419 2082 1478 2130 Si

418 2152 566 2201 Nero
584 2151 928 2216 imperitaret,
948 2155 988 2203 si
1007 2156 1339 2206 Britannicus
1362 2171 1479 2206 suc-

417 2228 649 2287 cederet,
677 2231 871 2279 nnllum
891 2247 1042 2282 sunm
1078 2233 1132 2282 in
1170 2234 1475 2299 principem,

415 2305 609 2356 utervis
643 2306 998 2371 imperaverit,
1034 2311 1273 2360 meritum
1308 2327 1473 2363 suum.

417 2381 512 2438 Ita,
526 2388 598 2432 ut.
619 2398 680 2432 ea
703 2384 880 2447 verba,
918 2386 962 2434 si
989 2387 1120 2436 Nero
1157 2388 1473 2452 imperitaret,

417 2457 711 2511 referantur
740 2461 890 2510 simul
914 2464 978 2510 ad
1004 2466 1244 2515 anteced.
1280 2472 1335 2515 et
1360 2480 1477 2515 con·

385 2568 394 2574 -
416 2535 718 2598 sequentia3
752 2542 811 2586 nt
834 2551 973 2599 saepe
994 2540 1129 2589 solet
1147 2541 1377 2590 Tacitus.

482 2611 684 2667 Naum
724 2613 933 2677 principa·
969 2617 1215 2680 meritam]
1269 2618 1334 2667 Id
1378 2627 1479 2683 est,

417 2687 609 2735 nullum
647 2688 701 2736 in
736 2690 1024 2754 principem
1063 2695 1304 2743 meritum
1327 2710 1475 2745 snum

415 2763 741 2824 praecessisse
761 2779 775 2824 3
811 2778 872 2814 ac
894 2773 1070 2816 tamen
1092 2782 1148 2817 se
1174 2784 1323 2831 posse
1343 2770 1478 2821 bene
1510 2801 1515 2807 -

415 2835 482 2886 de
508 2837 808 2889 Britannico
830 2842 1035 2902 mereri,
1074 2844 1116 2891 si
1142 2859 1199 2893 se
1224 2843 1475 2896 foi-tiani-

414 2927 498 2960 mo
518 2922 808 2977 opponeret
831 2917 975 2965 malis
999 2919 1199 2969 artibus
1235 2919 1479 2986 foeminae,

413 2989 602 3052 quibus
621 2997 781 3041 totam
824 2994 1030 3048 donnum
1071 2997 1320 3062 principis
1359 3014 1477 3049 con·

414 3064 658 3128 vellebat,
676 3067 860 3130 quibus
880 3077 932 3118 et
959 3071 1179 3133 principi
1210 3079 1263 3121 et
1287 3074 1477 3138 princi-

413 3141 969 3207 patui·insidiabatur;
1001 3147 1045 3195 si
1075 3157 1349 3200 accusaret
1387 3151 1478 3201 ite-

414 3229 528 3265 rum
571 3215 948 3281 impudicitiam
1003 3223 1195 3287 uxoris,
1252 3232 1312 3276 nt
1353 3234 1477 3278 ante

412 3294 747 3347 Messallinae.

477 3369 620 3419 Hinc
671 3371 1322 3439 Narcissusamplectitur
1363 3378 1479 3428 Bri·-

412 3446 696 3510 tannicum,
733 3448 831 3512 ipsi
854 3457 1110 3501 maturum
1135 3454 1310 3516 robur,
1348 3455 1476 3503 mul-

291 3540 314 3559 ·
412 3529 626 3587 tamque
662 3523 965 3575 felicitatem
1006 3536 1338 3591 apprecatur,
1376 3531 1476 3593 ipsi

412 3612 472 3647 se
496 3605 665 3648 totum
703 3608 861 3649 vovet
883 3607 940 3650 et
977 3602 1173 3651 addicit
1204 3610 1476 3668 optatque,

411 3674 543 3723 licet
563 3674 675 3736 ipse
700 3676 868 3738 perire
892 3676 1129 3739 deberet,
1163 3685 1222 3726 ut
1244 3679 1475 3728 inimicos

415 3749 580 3812 patris
616 3750 912 3812 ulciscatur,
947 3753 1032 3801 vel
1064 3761 1119 3803 et
1160 3754 1317 3802 etiam
1341 3754 1477 3805 iniis

414 3822 779 3874 interfectores
803 3827 997 3876 matris.

476 3899 584 3950 Alii
602 3899 675 3947 sic
697 3901 941 3962 capiunt:
974 3902 1029 3951 Si
1054 3903 1200 3953 Nero
1213 3903 1477 3968 imperita·

413 3982 534 4033 ret,-
525 3977 731 4024 mullum
753 3991 899 4025 suum
917 3979 1158 4027 meritum
1192 3978 1247 4027 iu
1284 3980 1476 4042 princi-

415 4065 552 4114 pem,
592 4051 866 4101 Claudium
903 4067 1124 4119 nempe;
1159 4054 1477 4119 quandoqui-

415 4129 542 4181 dem
556 4126 850 4191 Agrippina
868 4136 1027 4177 totam
1049 4128 1253 4178 domum
1273 4131 1477 4180 convel-

417 4186 560 4263 lebat
573 4202 908 4268 principis,et
921 4206 1211 4267 praesertim
1220 4203 1478 4255 Britanni-

1546 1666 1551 1672 .
1620 1623 1731 1674 Alii
1753 1624 1826 1673 sic
1850 1630 2058 1672 sumunt
2075 1638 2089 1671 z

1555 1107 1619 1142 co
1642 1092 2010 1152 insidiabatur3
2043 1091 2180 1141 bono
2215 1091 2420 1157 quidem
2446 1086 2643 1161 sensns
2670 1110 2679 1114 ·

1557 1170 1649 1220 sed
1672 1184 1774 1218 non
1795 1168 1932 1218 forte
1957 1168 2081 1219 satis
2105 1168 2170 1216 ad
2194 1168 2352 1216 verba
2373 1167 2560 1223 Taciti.

1623 1241 1727 1293 Alii
1749 1245 2074 1308 intelligunt:
2103 1244 2157 1292 Si
2181 1241 2486 1305 succederet
2504 1240 2621 1306 Bri·
2636 1299 2649 1305 “

1558 1320 1813 1381 tannicus,
1836 1320 1910 1369 sic
1932 1319 2125 1367 nullum
2149 1318 2388 1366 meritum
2412 1316 2618 1367 Claudii

1557 1394 1668 1445 fore
1694 1410 1816 1460 erga
1840 1396 2175 1454 Narcissum3
2209 1395 2403 1457 qnippe
2450 1399 2513 1442 et
2542 1393 2619 1442 in-

1557 1472 1701 1524 sidiis
1721 1487 1981 1534 novercae,
2011 1478 2171 1538 totam
2195 1472 2398 1518 domum
2431 1469 2623 1532 princi-

1559 1549 1638 1611 pis
1661 1548 1959 1602 convulsum
1984 1548 2062 1606 iri,
2084 1545 2485 1608 mnjoreflagitio,
2506 1548 2588 1608 &c-

2130 1622 2251 1672 Sive
2274 1622 2623 1684 imperaturus

1557 1706 1695 1752 esset
1736 1701 1897 1757 Nero,
1936 1699 2045 1747 sive
2080 1698 2390 1747 succederet
2420 1697 2626 1746 Britan-

1556 1775 1723 1835 nicus,
1744 1775 1940 1823 nullum
1958 1773 2203 1822 meritum
2222 1773 2382 1835 ipsius
2404 1772 2457 1820 in
2476 1773 2626 1836 priua

1556 1852 1759 1915 cipem3
1802 1865 1990 1899 vanum
2034 1855 2092 1899 et
2134 1850 2337 1906 irritum
2375 1849 2628 1913 quiequid

1558 1929 1751 1990 egisset
1781 1933 1934 1976 antea
1972 1925 2269 1987 Narcissus,
2301 1926 2478 1989 sicque
2504 1927 2623 1974 nul-

1448 2030 1458 2038 ,
1547 2005 1661 2052 -lam
1686 2004 1895 2056 ,veniam
1929 2008 2020 2051 ant
2057 2001 2274 2063 gratiam
2320 2000 2389 2049 ab
2422 2001 2620 2050 utrovis

1557 2094 1852 2129 successore
1866 2079 1966 2129 sibi
1983 2077 2309 2140 despondere
2317 2090 2468 2140 posse
2482 2091 2498 2136 ;
2521 2090 2624 2125 non

1555 2170 1586 2203 a
1609 2154 1909 2204 Britannico
1946 2154 2012 2203 ob
2054 2153 2363 2202 Messallinae
2405 2152 2624 2213 eaedem',

1555 2247 1659 2281 nou
1700 2248 1732 2282 a
1772 2232 1982 2281 Nerone
2019 2230 2086 2280 ob
2127 2229 2433 2293 Agrippinae
2475 2229 2624 2279 saevi-

1547 2309 1698 2358 tiam.

1615 2384 1634 2428 ³
1665 2386 1888 2435 Pallante
1904 2383 2141 2446 adultero]
2176 2382 2281 2431 Hic
2303 2386 2452 2432 certe
2468 2380 2621 2431 liber.-

1556 2470 1640 2512 tus
1662 2465 1951 2525 comparari
1978 2461 2145 2525 possit
2181 2475 2299 2510 cum
2337 2459 2618 2508 decantato

1558 2541 1646 2589 illo
1668 2541 1838 2604 Gyge,
1855 2539 1946 2602 qui
1966 2552 2066 2602 ope
2089 2538 2265 2587 annuli
2283 2539 2442 2596 aurei,
2466 2548 2620 2600 quem

1557 2615 1746 2664 homini
1789 2623 1991 2664 mortuo
2036 2615 2345 2676 abstulerat,
2386 2622 2620 2676 stuprum

1557 2682 1734 2741 intulit
1756 2692 1970 2754 reginae,
2010 2704 2293 2754 regemque
2323 2688 2620 2739 interemit:

1545 2773 1616 2817 et
1649 2773 1794 2816 certe
1834 2768 2019 2817 talibus
2039 2765 2263 2815 fortunas
2284 2765 2468 2814 aulieoe
2497 2768 2622 2828 'pro-

1557 2843 1729 2907 digiis,
1767 2842 1931 2891 aureis
1954 2842 2153 2890 annulis
2176 2839 2251 2890 nti
2272 2854 2570 2890 concessam
2589 2853 2622 2888 a

1561 2918 1871 2979 Caesaribus,
1906 2931 2049 2980 saepe
2091 2917 2145 2964 in
2188 2915 2470 2979 perniciem
2502 2915 2627 2964 Rei-

1560 2993 1682 3056 pub.
1705 2999 1759 3041 et
1780 2993 1833 3041 in
1854 2991 2103 3054 flagitium
2121 3006 2183 3040 ac
2198 2990 2430 3041 dedecus
2452 2991 2622 3051 aulae;

1558 3083 1698 3132 saepe
1719 3074 1775 3118 et
1799 3069 1851 3117 in
1873 3068 2086 3118 exitium
2108 3068 2338 3131 ipsormn
2357 3066 2624 3116 deminan-

1559 3144 1705 3207 tium,
1744 3150 1803 3192 ut
1837 3151 1892 3193 et
1925 3143 2030 3206 hic,
2056 3143 2226 3206 ipsius
2262 3142 2487 3205 Claudii,
2531 3143 2624 3207 qni

1561 3221 1759 3271 huncce
1782 3221 2075 3270 Pallantem
2102 3228 2467 3270 exornaverat.
2534 3221 2635 3270 De³

1561 3296 1714 3361 Gyge
1752 3298 1924 3362 prisco
1959 3298 2034 3346 sic
2072 3297 2261 3347 Cicero
2295 3301 2344 3346 8.
2371 3297 2438 3346 de
2462 3295 2620 3346 Offic.

1560 3373 1577 3400 ⁴
1599 3372 1697 3422 Ille
1720 3373 1899 3436 Gyges
1919 3373 2185 3422 inducitur
2206 3387 2236 3421 a
2258 3372 2508 3432 Platone3
2530 3372 2639 3435 quaa

1558 3461 1677 3496 cum
1697 3453 1839 3496 terra
1858 3447 2173 3497 decessisset
2196 3448 2395 3508 magnis
2416 3447 2623 3510 quibus·

1558 3524 1678 3572 dam
1718 3523 1987 3584 imbribus,
2026 3523 2079 3572 in
2115 3523 2258 3571 illum
2296 3523 2495 3572 hiatum
2533 3523 2623 3572 de-

1558 3600 1779 3662 scendit,
1800 3613 2102 3663 aeneumque
2124 3613 2330 3663 equium
2361 3606 2420 3647 ut
2440 3597 2623 3648 ferunt

1557 3674 1767 3737 fabulae,
1786 3674 2176 3735 animadvertit,
2198 3675 2351 3737 cujus
2372 3674 2426 3722 in
2449 3673 2624 3722 lateri-

1557 3750 1649 3801 bus
1671 3749 1808 3800 fores
1831 3757 2036 3811 essent3
2073 3750 2258 3814 quibus
2281 3749 2497 3814 apertis,
2533 3749 2622 3798 ho-

1556 3825 1708 3877 minis
1743 3826 1935 3881 mortui
1956 3825 2101 3874 videt
2140 3838 2328 3890 corpus
2366 3825 2622 3888 magnitu-

1557 3901 1678 3950 dine
1720 3901 1984 3963 inusitata,
2022 3896 2368 3965 annulumque
2404 3910 2621 3950 aureum

1558 3976 1611 4024 iu
1631 3977 1816 4041 digito,
1856 3990 2010 4040 quem
2043 3983 2103 4025 ut
2124 3977 2375 4037 detraxit,
2409 3976 2524 4039 ipse
2542 3974 2622 4023 in·
2668 3981 2677 3985 ⁴

1559 4052 1690 4105 duit.
1779 4054 1908 4105 Erat
1963 4060 2138 4102 autem
2194 4053 2367 4117 regins
2424 4057 2622 4114 pastor.

1556 4129 1690 4179 Tum
1712 4129 1769 4177 in
1789 4129 2063 4178 consilium
2086 4134 2348 4192 pastorum
2385 4141 2441 4175 se
2464 4134 2625 4185 *rece*

1557 4204 1668 4268 pit3
1702 4204 1937 4257 ibi.cum,·
1970 4205 2144 4269 palam
2178 4204 2295 4269 ejas
2336 4201 2523 4257 annuli-
2552 4200 2639 4261 aa,
2660 4234 2667 4239 ,
2688 4209 2703 4229 -·
