3100 4925
466 411 641 478 1194

1171 426 1235 472 G.
1284 423 1644 472 CORNELI!
1689 422 1944 472 'morri

2341 395 2435 494 [A.
2457 428 2527 481 U.
2552 436 2671 484 sos.

551 567 662 633 22.
707 566 960 630 Iisdem·
999 563 1426 643 Consulibus,
1473 570 1669 630 atrox
1716 565 1850 630 odii
1884 564 2258 649 Agrippina
2298 586 2379 631 ac
2424 566 2662 633 Lolliae

467 670 776 745 infensa,¹⁸
804 665 982 750 quod
1030 686 1262 731 secum
1308 666 1391 729 de
1421 666 1848 731 matrimonio·
1870 667 2207 751 Principis
2257 670 2672 746 cenavisset,
2710 727 2723 741 ,

466 767 732 834 molitur
773 769 1045 832 crimina
1093 774 1159 833 et
1202 774 1681 846 accusatorem,
1713 771 1829 852 qui
1856 770 2177 853 objiceret
2205 775 2226 803 ‘
2257 770 2672 847 ChaldaeoS,'

466 868 778 951 Magos,w
811 868 1398 952 interrogatumque
1421 867 1760 953 Apollinis
1801 869 2008 936 Clarii
2054 872 2532 949 simulacrum,⁸
2559 891 2671 936 su-

467 991 584 1053 per
641 970 889 1053 nuptiis
947 969 1456 1053 Imperatoris.
1400 970 1417 995 '

1504 970 1686 1034 Exin
1733 969 2077 1049 Claudius»,
2136 972 2436 1038 inaudita
2491 980 2674 1049 rea,5

545 1135 718 1183 Eodem
739 1149 857 1182 anno
868 1133 1018 1193 ferox
1049 1132 1154 1182 odio
1154 1132 1465 1208 Agrippina,
1485 1148 1541 1181 ac
1566 1132 1731 1182 Lollice
1747 1132 1940 1195 infesta,
1971 1134 2091 1196 quod
2110 1149 2266 1183 secum
2287 1133 2595 1183 contendisset
2617 1134 2676 1181 de

469 1198 685 1259 conjugio
700 1199 919 1258 Coesaris,
935 1196 1082 1246 struit
1095 1197 1312 1257 crimina,
1328 1203 1375 1245 et
1389 1198 1645 1245 delatorem
1663 1197 2302 1275 immittit,quiolffiecturet'
2282 1199 2376 1261 apsi
2390 1197 2676 1258 Clialdaeos,

474 1264 670 1324 Magos,
702 1263 1091 1325 consultamque
1113 1260 1373 1323 Apollinis
1406 1261 1566 1310 Clarii
1609 1262 1883 1324 imaginem
1926 1262 1993 1311 de
2037 1263 2366 1313 matrimonio
2407 1262 2678 1325 principis.

472 1327 639 1390 Itaque
663 1326 906 1389 Claudius,
927 1326 1108 1374 indicta
1127 1339 1285 1390 caua,
1319 1340 1426 1374 cum
1461 1327 1613 1374 malta
1644 1327 1951 1389 prestitisset
1987 1328 2047 1375 de
2080 1328 2323 1390 splendore
2352 1326 2519 1376 Lolliae
2551 1327 2680 1388 opud

1467 1422 1517 1472 N
1527 1422 1706 1475 0⁷1·AE

469 1517 650 1567 Claud.
671 1522 755 1567 24.
821 1518 958 1570 Nam
994 1533 1136 1584 saepe
1170 1518 1308 1585 quod
1349 1518 1401 1567 in
1427 1532 1529 1567 uno

465 1600 555 1643 aut
577 1595 743 1643 altero
768 1603 1066 1660 usurpatum
1089 1603 1190 1659 est,
1217 1596 1531 1659 generaliter

469 1668 629 1718 tradit
670 1670 882 1722 Sueton.
940 1674 1117 1724 Quare
1160 1686 1256 1735 per
1285 1672 1532 1721 Tacitum

464 1745 570 1807 ille,
608 1756 662 1795 et
697 1762 814 1796 cum
849 1748 981 1797 mica
1011 1748 1130 1798 salis
1165 1746 1532 1830 intelligendus

469 1825 569 1870 est.

490 1927 497 1932 -
530 1897 548 1927 ⁸
575 1896 766 1959 Aquila·
782 1899 1012 1960 praetoria
1031 1897 1367 1961 decernantur]
1400 1898 1532 1948 Haec

468 1977 639 2020 autem
663 1970 828 2035 fuere,
847 1974 971 2021 latus
993 1976 1170 2034 clavas,
1193 1978 1307 2034 toga
1327 1978 1534 2035 pretet-

465 2051 537 2105 ια,
553 2047 949 2109 paludamentum,
984 2055 1039 2098 et
1061 2050 1236 2097 curulis
1251 2050 1385 2099 sellu.
1452 2050 1535 2098 Ex

467 2119 717 2170 Cicerone
741 2128 798 2170 et
821 2121 970 2172 Livio
992 2122 1342 2172 observatum.
1418 2122 1545 2176 Vm.

474 2196 678 2244 ironias.

532 2276 557 2302 ¹¹
589 2269 756 2319 Louiae
776 2270 986 2335 infensa]
1031 2271 1119 2323 Sic
1138 2274 1174 2321 l.
1201 2285 1320 2323 xiv.
1346 2278 1424 2325 12.
1444 2274 1534 2323 ubi

469 2342 535 2391 de
558 2344 767 2395 Nerone
790 2353 908 2409 post
929 2347 1260 2399 interfectam
1280 2356 1531 2399 matrem:

470 2419 486 2445 ‘
514 2419 760 2472 Ceterum
779 2436 882 2487 quo
901 2430 1142 2487 gravaret
1162 2424 1411 2475 invidiam
1431 2440 1535 2476 ma·

471 2496 587 2557 tris,
607 2511 770 2562 eaque
794 2499 1020 2562 demota,
1036 2507 1242 2550 auctam
1266 2500 1534 2551 lenitatem

471 2585 615 2619 suam
638 2572 1027 2637 testificaretur,
1055 2573 1286 2625 foeminas
1312 2576 1536 2627 illustres

471 2648 571 2697 dte.
591 2646 797 2697 sedibus
821 2650 1003 2712 patriis
1025 2651 1257 2701 reddidit
1274 2653 1370 2701 διο.
1426 2653 1537 2702 Eti-

470 2737 552 2771 am
577 2722 756 2772 Lolliae
778 2725 1011 2776 Paulinae
1036 2726 1236 2778 cineres
1260 2731 1536 2793 reportari,

469 2799 861 2864 sepulcrumque
884 2801 1087 2850 exstrui
1108 2804 1374 2866 permisit!

494 2904 499 2909 -
533 2881 556 2906 V
594 2874 864 2937 Chaldoeos]
900 2875 1032 2925 Vide
1055 2879 1353 2929 notas.l.v1.
1376 2894 1424 2934 c.
1450 2884 1533 2930 20.

535 2958 568 2981 w
602 2951 796 3015 Magos]
832 2952 880 3001 N
886 2966 916 2999 e
956 2952 1217 3017 intelligas
1256 2954 1308 3002 iu
1350 2955 1535 3005 bonam

475 3031 680 3087 partem
715 3026 781 3075 de
804 3026 973 3088 Magis
999 3028 1121 3091 illis,
1160 3030 1429 3093 sapientiae
1461 3032 1534 3081 O-

470 3101 702 3153 rientalis
737 3101 1058 3164 doctoribus,
1091 3105 1179 3168 qui
1231 3105 1535 3169 religionem

476 3183 530 3225 et
569 3176 864 3225 doctrinam
902 3179 1130 3228 siderum
1173 3180 1405 3243 apprime
1437 3183 1534 3232 sci-

475 3257 614 3313 rent,
649 3266 750 3301 non
786 3253 898 3303 sine
934 3255 1217 3306 sanctitate
1255 3256 1443 3321 aliqua,
1475 3264 1536 3307 ut

478 3327 567 3391 qui
589 3328 889 3378 sacerdotes
911 3329 1010 3393 ipsi
1030 3338 1232 3382 essenti
1270 3334 1363 3381 sed
1387 3332 1538 3387 intel·

479 3402 583 3465 lige
631 3417 793 3453 vanos
846 3403 1094 3469 homines,
1146 3408 1349 3472 magica
1390 3423 1538 3458 sacra

481 3478 601 3529 Diis
655 3477 867 3539 inferis,
889 3480 1210 3532 celebrantes
1261 3490 1316 3533 et
1348 3485 1537 3535 similia

430 3570 433 3573 ’
479 3562 738 3617 portenta.

540 3636 566 3662 ¹
598 3630 833 3693 Apollinis
871 3635 1026 3683 Clarii
1064 3636 1386 3700 simulacrum]
1443 3638 1530 3688 Sic

471 3705 508 3753 l.
535 3718 597 3754 ιι.
627 3710 709 3756 54.
743 3708 831 3756 ubi
866 3709 931 3757 de
965 3709 1295 3773 Germanico,
1314 3712 1330 3740 ⁴
1351 3716 1531 3777 appel-

471 3779 645 3844 litque«
659 3782 976 3846 Colophona,
1013 3791 1072 3834 ut
1088 3786 1253 3836 Clarii
1277 3787 1533 3852 Apollinis

468 3855 685 3903 oraculo
707 3863 955 3908 uteretur.
1023 3861 1140 3910 Non
1163 3860 1374 3915 foemina
1408 3865 1534 3929 illic,

477 3937 533 3979 nt
554 3931 691 3993 apud
721 3933 973 3996 Delphos,
995 3937 1087 3985 sed
1102 3940 1260 3987 certis
1278 3953 1307 3988 e
1326 3938 1535 3991 familiis

475 4012 530 4054 et
548 4004 716 4055 ferme
736 4007 923 4058 Mileto
947 4011 1145 4062 accitus
1167 4018 1427 4080 sacerdos,
1448 4033 1539 4068 nu·

474 4097 672 4134 nerum
685 4084 838 4135 modo
850 4089 1251 4139 consultantium
1263 4098 1316 4141 et
1328 4093 1537 4144 nomina

480 4157 648 4229 audit,
666 4165 776 4210 tum
794 4159 846 4209 in
865 4177 1078 4226 specum
1101 4166 1540 4232 digressusmaus·

476 4224 534 4297 ta
552 4232 710 4287 fontis
727 4237 902 4288 arcani
919 4254 1074 4306 aqua,
1091 4241 1300 4306 ignarus
1318 4246 1540 4310 plerum-

1608 1533 1709 1584 que
1730 1518 1997 1569 literarnm
2020 1523 2080 1572 et
2106 1517 2412 1586 carminum,
2447 1516 2566 1568 edit.
2598 1529 2681 1565 re-

1609 1608 1797 1658 sponsa
1818 1595 2047 1644 versibus
2081 1593 2378 1657 compositis
2422 1607 2580 1655 super
2602 1607 2680 1641 re-

1610 1669 1704 1719 bus
1727 1684 1851 1734 quas
1872 1670 1986 1735 quis
2010 1675 2186 1719 mente
2208 1668 2489 1731 concepit.'

1676 1746 1765 1795 Sic
1787 1746 1945 1796 etiam
1964 1747 2106 1796 Plin.
2126 1748 2164 1796 l.
2183 1760 2248 1795 u.
2270 1761 2318 1796 c.
2342 1751 2423 1796 10.
2477 1747 2494 1774 ‘
2522 1745 2585 1795 Iu
2608 1746 2681 1795 A·

1613 1820 1820 1885 pollinis
1837 1822 1996 1873 Clarii
2018 1836 2181 1885 specu
2204 1822 2389 1872 lacuna
2404 1827 2505 1884 est,
2529 1822 2679 1884 cujus

1615 1903 1745 1960 potu
1766 1897 1895 1947 mira
1917 1897 2207 1948 redduntur
2239 1898 2464 1960 oracula,
2497 1897 2679 1948 biben-

1615 1972 1744 2022 tium
1770 1973 1995 2023 breviori
2011 1974 2155 2023 vital

1679 2049 1915 2099 Breviori
1935 2064 2122 2114 nempe
2145 2050 2255 2099 vita
2287 2049 2575 2100 sacerdotis
2606 2050 2681 2100 bi·

1616 2123 1784 2174 bentis
1803 2132 1858 2174 et
1877 2127 2085 2176 oracula
2109 2126 2394 2176 reddentis.
2430 2125 2683 2176 Attamen

1612 2200 1697 2249 liic
1720 2200 1908 2249 Tacito
1930 2201 2075 2249 nulla
2095 2201 2288 2251 mentio
2311 2199 2468 2260 fontis
2490 2202 2685 2263 arcani,

1616 2277 1708 2325 sed
1738 2283 1941 2326 tantum
1974 2276 2268 2336 simulacri;
2302 2275 2397 2325 sed
2432 2283 2564 2339 puto
2593 2277 2683 2327 bic

1614 2351 1913 2401 simulam
1946 2351 2051 2400 late
2085 2351 2409 2413 sumendum,
2439 2365 2534 2414 pro
2568 2352 2685 2414 ipso

1616 2427 1731 2478 Deo
1754 2435 1809 2478 et
1833 2428 2041 2478 oraculo
2065 2426 2342 2491 Apollinis,
2361 2426 2501 2492 quod
2523 2429 2686 2480 tacite

1616 2511 1670 2551 et
1694 2504 1802 2552 sola
1823 2507 1999 2552 mente
2024 2503 2462 2567 interrogabatur.

1680 2580 1915 2643 Apollinis
1939 2578 2121 2642 Clarii]
2154 2579 2360 2643 Nempe
2384 2578 2684 2642 Colophone

1618 2669 1734 2720 quae
1756 2656 1876 2705 urbs
1895 2654 2385 2719 Ioniaqprovinciaez
2410 2662 2532 2704 ante
2547 2656 2683 2706 hanc

1618 2730 1797 2779 urbem
1832 2729 1935 2780 fuit
1964 2731 2127 2781 Clarii
2148 2730 2406 2794 Apollinis
2426 2732 2594 2793 lucus,
2628 2732 2685 2782 in

1619 2820 1717 2868 quo
1742 2805 2029 2870 antiquitus
2063 2808 2346 2870 oraculum,
2380 2813 2516 2859 teste
2537 2808 2685 2857 Stra-

1617 2878 1749 2929 bone
1767 2881 1804 2930 1.
1821 2894 1942 2931 xiv.
1968 2882 2021 2931 iu
2045 2897 2137 2933 ora
2161 2881 2301 2933 Asiae
2324 2882 2552 2935 minoris.
2590 2884 2686 2932 Til-

1614 2956 1859 3006 lemonius.
2425 2976 2440 2984 “

1641 3063 1652 3071 ·
1680 3039 1703 3073 5
1734 3033 1961 3083 Ina-dita
1998 3034 2104 3097 rea]
2155 3034 2350 3084 Irridet
2370 3033 2588 3085 Tacitus
2628 3043 2688 3085 et

1616 3108 1902 3158 insectatur
1939 3111 2093 3159 talem
2137 3110 2369 3174 judicem
2388 3127 2404 3160 ι
2461 3112 2552 3161 sed
2586 3114 2687 3169 etsi

1616 3187 1821 3237 audiret
1869 3203 2027 3249 ream,
2082 3188 2352 3238 damnaret
2397 3194 2571 3239 tamen
2600 3205 2684 3241 -ex

1618 3263 1877 3312 sententia
1899 3266 2089 3326 unxeris,
2113 3265 2270 3314 etiam
2300 3271 2362 3317 et
2389 3265 2580 3316 inscius
2603 3281 2685 3317 oc-

1618 3340 1834 3392 cideret.

1683 3418 1909 3468 Inaudita
1932 3416 2035 3479 rea]
2069 3416 2252 3467 Talem
2278 3417 2510 3481 judicem
2547 3420 2686 3469 deri-

1618 3490 1707 3541 det
1723 3492 1921 3553 Seneca
1947 3493 1999 3541 in
2016 3492 2194 3544 Ludo:
2230 3495 2245 3522 ‘
2265 3495 2372 3545 Dic
2390 3495 2527 3555 mihi,
2545 3498 2683 3547 Dive

1618 3568 1825 3629 Claudi,
1847 3583 2008 3632 quare
2032 3583 2325 3634 quenquam
2347 3586 2414 3621 ex
2435 3573 2535 3634 bis,
2557 3588 2686 3637 quos

1618 3657 1845 3707 quasque
1872 3644 2133 3707 occidisti,
2150 3652 2426 3710 antequam
2442 3648 2510 3698 de
2526 3661 2685 3699 musa

1616 3732 1975 3783 cognosceres,
1996 3726 2272 3785 antequam
2295 3723 2519 3784 audires,
2540 3723 2685 3772 dam-

1618 3795 1787 3845 nasti?
1820 3797 1918 3845 &c-
1987 3797 2093 3848 Hic
2111 3799 2176 3847 Ρ.
2202 3799 2262 3848 C.
2287 3801 2377 3864 qui
2394 3800 2539 3850 vobis
2577 3815 2682 3849 non

1617 3885 1769 3934 posse
1797 3870 2004 3921 videtur
2026 3887 2253 3923 muscam
2291 3875 2541 3937 excitare,
2577 3882 2685 3926 tam

1615 3946 1770 3997 facile
1791 3947 2020 3998 homiues
2043 3948 2335 4011 occidebat,
2364 3965 2518 4014 quam
2540 3952 2683 4000 canis

1617 4030 1743 4072 exta
1764 4022 1893 4086 edit,
1924 4027 2024 4075 &tf-
2047 4024 2233 4088 incipit
2273 4032 2525 4088 patronus
2550 4028 2688 4077 velle

1618 4097 1953 4163 respondere.
2030 4100 2217 4150 AEacus
2259 4101 2414 4150 homo
2452 4100 2684 4164 justissi-

1618 4189 1732 4225 mus
1755 4180 1921 4237 vetat,
1940 4176 2115 4226 altera
2144 4181 2348 4227 tantum
2370 4183 2521 4241 parte
2541 4177 2687 4237 audi-

1620 4257 1673 4303 ts
1704 4248 2037 4315 condemnat,
2067 4255 2169 4303 &1:-
2196 4251 2477 4316 stupebant
2508 4267 2686 4312 omnes
