3100 4925
328 417 384 472 ,1.
408 421 470 472 c.
493 419 666 518 sp]
1034 411 1482 505 ΑΒΝΑΒιυιι
1491 413 1679 504 ιιΒ»
1690 411 1881 467 xm.
2365 397 2539 480 3042

334 519 556 644 capite
593 555 860 635 intecto,
895 555 987 621 in
1012 556 1311 637 agmine,
1357 554 1423 617 in
1473 555 1872 633 laboribus,
1890 554 2209 640 stequens
2257 554 2541 648 adesseqff

332 649 598 742 laudern
658 659 978 742 strenuiS,
1024 656 1329 722 solatium
1386 655 1719 733 invalidiS,
1795 657 2177 742 exemplum
2235 655 2540 732 omnibus

334 747 702 834 ostendere.
815 738 1096 833 Dehinc,
1143 758 1305 839 quia
1350 757 1664 832 duritiam
1712 758 1872 821 coeli
1920 759 2306 841 militiaeque
2346 753 2538 834 multi

336 839 735 954 abnuebant,
784 859 1320 946 deserebantque,
1369 857 1740 940 remedium
1762 860 2126 923 severitate
2182 862 2550 949 quaesitum„

336 967 458 1027 est.
547 941 697 1025 Nec
726 949 921 1037 enim,
962 966 1036 1022 ut
1083 961 1149 1024 in
1178 961 1332 1024 aliis
1362 945 1791 1037 exercitibuS,
1820 960 2105 1044 primum
2134 961 2541 1044 alterumque

335 1040 664 1127 delictum¹
713 1062 907 1126 venia
953 1062 1495 1144 prosequebatur,
1546 1060 1687 1136 sed,
1735 1062 1853 1142 qui
1904 1062 2095 1141 signa
2143 1058 2539 1156 reliqueram

333 1164 559 1240 statim
588 1163 805 1247 capite
832 1181 1076 1246 poenas
1104 1162 1382 1228 luebat.
1396 1159 1673 1242 quue
1685 1180 1816 1224 usu
1855 1160 2142 1237 salubre,
2189 1165 2256 1224 et
2280 1159 2539 1236 miseri-2

338 1264 569 1328 cordia
595 1265 829 1348 melius
858 1262 1206 1379 apparuit:
1252 1261 1504 1343 quippe
1550 1261 1925 1342 pauciores
1949 1260 2067 1323 illa
2093 1264 2317 1324 castra
2344 1260 2538 1357 dese-

332 1383 544 1444 ruere,
576 1378 779 1450 quam
806 1382 909 1439 ea,
940 1364 1009 1449 in
1039 1363 1286 1446 quibus
1312 1353 1802 1443 ignoscebatur.
2430 1409 2433 1410 ν

419 1466 530 1530 36.
564 1453 832 1529 Interim
863 1444 1174 1540 Corbulo,
1198 1463 1575 1543 legionibus
1593 1462 1768 1525 intra
1792 1468 2010 1526 castra
2032 1461 2303 1541 habitis,
2326 1462 2536 1529 donec

334 1585 451 1629 ver
479 1560 938 1639 adolesceret}
965 1563 1440 1647 dispositisque
1467 1582 1588 1645 per
1616 1561 1892 1625 idoneos
1928 1562 2128 1625 locos
2153 1563 2538 1629 cohortibus

336 1663 732 1742 auxiliariiS,
761 1685 854 1734 ne
872 1666 1160 1748 pugnarn
1205 1664 1461 1746 priores
1513 1651 1789 1741 adirent,
1842 1659 2195 1749 praedicit.¹
2288 1662 2536 1741 Curam

335 1861 460 1909 nudo
478 1859 649 1923 capite,
669 1859 722 1907 ιἰι
743 1859 933 1919 itinere,
953 1857 1005 1907 in
1026 1858 1254 1923 operibus,
1275 1833 1449 1907 multas
1467 1859 1660 1907 adesse:
1682 1858 1856 1906 decus
1838 1857 2077 1922 impigris,
2099 1858 2302 1907 solamen
2316 1857 2538 1934 infirmis,

333 1924 517 1972 cunctis
536 1925 795 1985 exemplum
822 1924 1050 1986 praebere.
1118 1925 1271 1984 Exin,
1293 1923 1402 1986 quia
1417 1922 1618 1996 plurimi
1652 1922 1901 1970 horrebant
1931 1922 2278 1970 inclementiam
2299 1922 2428 1970 ae'ris
2449 1936 2536 1969 ιιι-

334 1987 591 2049 vitiamque
612 1988 738 2049 belli,
754 1993 799 2036 el
815 1989 1102 2050 deserebant,
1125 1989 1378 2050 asperitate
1398 1986 1578 2035 obviam
1599 1985 1720 2033 itum
1740 1990 1827 2033 est.
1889 1987 1988 2033 Nee
2008 1987 2148 2048 enim,
2163 1990 2217 2034 ut
2238 1986 2290 2034 in
2310 1986 2420 2035 aliis
2439 2000 2541 2034 eas·

335 2051 428 2099 tris
455 2056 614 2101 ianam
620 2054 873 2101 alteramve
891 2054 1074 2115 culpam
1094 2053 1230 2100 venia
1249 2050 1468 2110 donabat,
1500 2052 1609 2097 sed
1604 2051 1701 2112 qni
1733 2065 1764 2097 a
1784 2050 1938 2110 signis
1951 2050 2259 2112 discesserat,
2291 2049 2538 2110 confestim

336 2120 484 2164 morte
501 2117 804 2177 plectebatur.
871 2116 1016 2178 quue
1031 2116 1323 2178 experientia
1339 2118 1547 2162 salutare
1577 2114 1813 2174 cognitum
1834 2119 1924 2175 est,
1955 2119 2002 2162 et
2024 2086 2425 2164 commeratione
2441 2114 2538 2163 uti·

337 2179 444 2227 lius.
512 2181 640 2228 Nam
657 2181 899 2240 pauciores
918 2195 973 2227 ea
988 2184 1146 2228 castra
1159 2179 1403 2240 reliquere,
1421 2192 1561 2239 quam
1576 2193 1632 2225 ea
1652 2178 1703 2224 in
1725 2178 1888 2239 quibus
1905 2178 2202 2239 parcebatur.

400 2242 594 2292 Interea
632 2244 850 2303 Corbulo,
883 2245 1082 2293 retentis
1118 2245 1210 2304 legi
1201 2242 1379 2290 anienis
1405 2240 1536 2289 iutra
1573 2242 1882 2299 mnnmenta,
1920 2244 2064 2289 donee
2101 2256 2246 2290 verna
2288 2245 2538 2303 tmupeseas

331 2311 551 2368 provecta
570 2312 708 2367 esset,
730 2307 1045 2370 ordinatisque
1059 2322 1149 2370 per
1168 2308 1334 2355 idonea
1355 2307 1454 2354 loca
1475 2304 1743 2374 eohorlilms
1767 2306 2019 2367 sociorum,
2034 2309 2312 2367 praemonet,
2332 2320 2392 2354 ne
2408 2319 2538 2369 pno-

1263 2432 1352 2451 000
1356 2430 1616 2451 OOOOOOOOO

367 2590 370 2595 .
406 2526 432 2573 1
456 2522 545 2573 Sic
568 2520 703 2573 bene
724 2523 947 2589 Lipsius„
976 2530 1033 2574 et
1049 2524 1283 2573 Pichena
1304 2538 1334 2572 e
1358 2523 1461 2572 Ms.
1492 2522 1664 2573 Vatic.
1731 2518 1817 2570 Sic
1840 2519 2005 2572 ferme
2036 2491 2146 2572 Ma.
2168 2522 2308 2572 Flor.
2338 2522 2392 2572 in
2417 2536 2537 2588 quo,

1325 2684 1545 2735 NOTAE

341 2810 355 2831 ²
384 2796 416 2831 ·¹
431 2798 661 2850 Primum
694 2802 986 2864 alterumque
1022 2799 1268 2862 delictum]
1321 2800 1398 2848 Ut

338 2872 611 2936 plurimum
644 2883 809 2924 morte
840 2875 1166 2938 puniebatur,
1204 2876 1290 2939 qui
1316 2880 1397 2922 ter
1478 2879 1700 2938 quatuor
1721 2873 1880 2935 pedes
1905 2872 2103 2935 longius
2127 2870 2456 2935 procederet,
2484 2873 2539 2921 id

335 2949 405 2998 ob
436 2950 652 2998 eandem
689 2953 891 3013 culpam
913 2952 1188 3001 mulctatus
1211 2949 1398 3013 fuerat,
1477 2957 1576 3012 est,
1615 2963 1680 2998 ne
1717 2949 1832 3012 quis
1857 2948 1938 2997 vel
1981 2958 2187 3009 passum
2223 2960 2380 2996 unum
2419 2955 2538 3014 pro-

335 3024 480 3074 leves
502 3032 558 3074 et
591 3027 904 3088 pecuniariae
942 3027 1108 3088 culpae
1144 3025 1394 3088 capitales
1477 3025 1782 3089 graderetur
1823 3032 1975 3074 extra
2009 3025 2197 3075 lineam
2247 3022 2338 3072 ubi
2375 3025 2538 3089 signa,

333 3098 486 3158 fiunt,
515 3101 559 3148 si
580 3106 662 3149 ter
683 3101 943 3164 repetitae.
1474 3102 1628 3151 immo
1651 3107 1706 3151 et
1737 3115 1874 3149 mors
1904 3114 2057 3162 poena
2099 3098 2144 3147 si
2181 3097 2270 3162 qui
2303 3098 2536 3195 reliquis·-

342 3192 371 3206 ··
400 3174 476 3225 At
488 3189 591 3225 uon
608 3176 661 3225 id
680 3175 997 3239 expectabat
1013 3175 1265 3235 Gorbu103
1291 3183 1395 3224 sta·
1474 3184 1608 3226 sent.

1542 2796 1731 2846 Cautio
1755 2802 1886 2858 erat,
1918 2810 1985 2844 ne
2017 2795 2131 2860 quis
2153 2795 2300 2846 miles
2324 2810 2355 2844 a
2377 2796 2537 2863 signis

333 3251 430 3312 tim
469 3250 689 3314 primum
726 3251 974 3301 delictum
1012 3258 1179 3300 morte
1218 3252 1395 3314 punie-

332 3325 440 3388 bat,
483 3333 550 3379 ut,
577 3338 639 3374 ea
668 3327 949 3376 severitate
972 3329 1153 3390 vulgus
1186 3327 1394 3379 coerce-

333 3408 451 3463 τοις
483 3404 677 3467 quippe
707 3401 916 3467 fugiunt
936 3406 1151 3467 hostem,
1173 3413 1394 3455 terrent·

329 3491 398 3527 ve
442 3479 625 3528 ducem
650 3481 855 3543 flagitia
899 3482 986 3531 illa
1027 3481 1232 3545 militiae,
1294 3483 1393 3532 nisi

335 3552 573 3603 timeant.

343 3668 349 3675 .
393 3628 416 3672 δ’
450 3631 999 3697 Qnisignareliquerat]
1036 3634 1284 3699 Gregarii·
1303 3635 1392 3683 mi-

332 3705 453 3756 lites
492 3709 777 3779 secundnm
829 3712 1113 3760 matriculae
1155 3712 1389 3760 ordinem

333 3783 401 3833 ἰιι-
432 3783 597 3832 aciem
637 3783 1014 3848 dirigebantur.
1111 3788 1394 3838 Matricula

330 3857 447 3908 haec
482 3857 583 3906 fnit
620 3859 811 3908 ordinis
846 3876 877 3909 a
910 3861 1211 3911 centurione
1249 3863 1394 3912 insti-

334 3934 456 3983 tuti.
520 3934 658 3984 Nam
694 3949 810 3984 suos
840 3936 999 3998 juxta
1018 3937 1171 3998 vires,
1209 3943 1266 3986 et
1299 3951 1395 4000 pro

323 4008 529 4071 judicio
552 4010 780 4071 locabat,
798 4011 956 4059 certis
973 4024 1225 4075 quemque
1247 4011 1394 4073 locis,

338 4098 467 4150 quos
498 4086 550 4134 in
571 4086 776 4150 agmine
811 4093 868 4136 et
905 4083 966 4135 in
998 4087 1111 4136 acie
1134 4093 1391 4136 tenerent.

335 4161 566 4225 Quisque
577 4163 754 4212 locum
788 4176 932 4212 suum
954 4170 1190 4225 noverat,
1225 4170 1281 4213 et
1301 4163 1393 4212 hos

333 4236 537 4287 ordines
560 4237 898 4302 pertinaciter
918 4237 1210 4289 servabant.

1540 3251 1694 3304 Quod
1729 3265 1833 3299 ιιοιι
1856 3250 1993 3298 idem
2019 3249 2104 3298 ubi
2128 3249 2291 3309 minor
2333 3202 2535 3319 aberra⁴

1475 3329 1565 3377 tio.
1632 3327 1784 3378 Quod
1819 3326 1863 3374 si
1900 3325 2082 3387 major,
2123 3334 2230 3373 tum
2264 3334 2408 3377 certe
2434 3326 2536 3375 ‹de-

1472 3404 1711 3453 sertionis
1731 3416 1867 3450 mors
1910 3406 2213 3463 poenaerat.
2279 3390 2536 3455 Desertor

1473 3487 1646 3528 autem
1667 3476 1954 3526 habebatur
1987 3475 2076 3538 qui
2108 3474 2307 3538 longius
2331 3475 2536 3543 absces-

1470 3556 1623 3605 sisset
1658 3569 1808 3618 quam
1847 3552 1984 3601 unde
2009 3551 2132 3599 tuba
2152 3550 2388 3602 exaudiri
2422 3562 2534 3614 pos-

1468 3640 1565 3681 set.
1806 3664 1819 3669 fl

1537 3706 1712 3756 Livius
1735 3720 1788 3757 v.
1810 3710 1859 3756 7.
1896 3707 1910 3733 ‘
1937 3702 2262 3753 Fustnarium
2293 3709 2536 3769 meretur,

1474 3783 1560 3849 qui
1584 3782 1741 3846 signa’
1766 3780 2030 3846 relinquit,
2063 3786 2153 3829 aut
2174 3779 2413 3847 praesidio
2448 3780 2536 3830 de-

1474 3858 1637 3909 cedit.
2456 3884 2460 3889 »

1540 3932 1565 3966 ¹‘
1604 3933 1699 3983 Ver
1714 3930 2020 3994 adolesceret]
2058 3930 2122 3981 Id
2163 3937 2264 3992 est,
2285 3929 2534 3985 non-inci-

1474 3999 1861 4075 pneumatum,
1879 4008 1970 4059 sed
1993 4009 2389 4073 proveheretur3
2414 4008 2535 4072 quia

1472 4104 1633 4154 grave
1673 4104 1855 4153 agmen
1887 4089 2170 4152 legionum,
2211 4102 2309 4137 nec
2352 4087 2535 4136 statim

1471 4167 1611 4216 inter
1645 4180 1805 4231 aquas
1843 4171 1935 4231 aut
1970 4164 2116 4214 nives
2156 4160 2398 4228 progredi
2435 4176 2529 4225 po»-

1472 4242 1598 4311 tuit,
1612 4248 1673 4292 ut
1689 4241 1852 4306 copiae
1870 4240 2147 4305 sociorum,
2159 4253 2275 4305 quae
2292 4237 2537 4307 equitatu⁸
