<?xml version="1.0" encoding="UTF-8"?>
<!DOCTYPE html PUBLIC "-//W3C//DTD XHTML 1.0 Transitional//EN"
    "http://www.w3.org/TR/xhtml1/DTD/xhtml1-transitional.dtd">
<html xmlns="http://www.w3.org/1999/xhtml" xml:lang="en" lang="en">
 <head>
  <title>
</title>
<meta http-equiv="Content-Type" content="text/html;charset=utf-8" />
  <meta name='ocr-system' content='tesseract 3.04.00' />
  <meta name='ocr-capabilities' content='ocr_page ocr_carea ocr_par ocr_line ocrx_word'/>
</head>
<body>
  <div class='ocr_page' id='page_1' title='image "./operaomnia05unkngoog/operaomnia05unkngoog_0169.png"; bbox 0 0 3100 4925; ppageno 0'>
   <div class='ocr_carea' id='block_1_1' title="bbox 468 343 786 412">
    <p class='ocr_par' dir='ltr' id='par_1_1' title="bbox 468 343 786 412">
     <span class='ocr_line' id='line_1_1' title="bbox 468 343 786 412; baseline -0.006 -12"><span class='ocrx_word' id='word_1_1' title='bbox 468 346 523 400; x_wconf 76' lang='grc' dir='ltr'><strong>ι..</strong></span> <span class='ocrx_word' id='word_1_2' title='bbox 546 345 607 399; x_wconf 83' lang='lat' dir='ltr'><strong>c.</strong></span> <span class='ocrx_word' id='word_1_3' title='bbox 631 343 751 412; x_wconf 65' lang='grc' dir='ltr'><strong>ει]</strong></span> <span class='ocrx_word' id='word_1_4' title='bbox 783 374 786 379; x_wconf 87' lang='grc'>-</span> 
     </span>
    </p>
   </div>
   <div class='ocr_carea' id='block_1_2' title="bbox 1176 337 1973 398">
    <p class='ocr_par' dir='ltr' id='par_1_2' title="bbox 1176 337 1973 398">
     <span class='ocr_line' id='line_1_2' title="bbox 1176 337 1973 398; baseline 0.009 -7"><span class='ocrx_word' id='word_1_5' title='bbox 1176 338 1519 393; x_wconf 71' lang='lat' dir='ltr'>ANNALIU</span> <span class='ocrx_word' id='word_1_6' title='bbox 1534 345 1589 393; x_wconf 80' lang='lat' dir='ltr'>M</span> <span class='ocrx_word' id='word_1_7' title='bbox 1639 337 1781 396; x_wconf 75' lang='lat' dir='ltr'><strong>Lm.</strong></span> <span class='ocrx_word' id='word_1_8' title='bbox 1832 347 1973 398; x_wconf 80' lang='grc' dir='ltr'><strong>ΧΠ.</strong></span> 
     </span>
    </p>
   </div>
   <div class='ocr_carea' id='block_1_3' title="bbox 2491 330 2660 417">
    <p class='ocr_par' dir='ltr' id='par_1_3' title="bbox 2491 330 2660 417">
     <span class='ocr_line' id='line_1_3' title="bbox 2491 330 2660 417; baseline 0 -20"><span class='ocrx_word' id='word_1_9' title='bbox 2491 330 2660 417; x_wconf 61' lang='lat' dir='ltr'><strong>sset</strong></span> 
     </span>
    </p>
   </div>
   <div class='ocr_carea' id='block_1_4' title="bbox 1475 577 1693 635">
    <p class='ocr_par' dir='ltr' id='par_1_4' title="bbox 1475 577 1693 635">
     <span class='ocr_line' id='line_1_4' title="bbox 1475 577 1693 635; baseline 0.009 -7"><span class='ocrx_word' id='word_1_10' title='bbox 1475 577 1693 635; x_wconf 75' lang='lat' dir='ltr'>NOTAE</span> 
     </span>
    </p>
   </div>
   <div class='ocr_carea' id='block_1_5' title="bbox 429 692 1526 4201">
    <p class='ocr_par' dir='ltr' id='par_1_5' title="bbox 456 692 1526 1448">
     <span class='ocr_line' id='line_1_5' title="bbox 472 692 1526 765; baseline -0.004 -12"><span class='ocrx_word' id='word_1_11' title='bbox 472 708 520 729; x_wconf 80' lang='lat'><strong>·‘</strong></span> <span class='ocrx_word' id='word_1_12' title='bbox 511 692 709 763; x_wconf 59' lang='lat' dir='ltr'><strong>Ignem</strong></span> <span class='ocrx_word' id='word_1_13' title='bbox 739 694 948 765; x_wconf 76' lang='lat' dir='ltr'><strong>domino]</strong></span> <span class='ocrx_word' id='word_1_14' title='bbox 979 698 1126 750; x_wconf 80' lang='lat' dir='ltr'><strong>Sunt</strong></span> <span class='ocrx_word' id='word_1_15' title='bbox 1140 694 1230 764; x_wconf 87' lang='lat' dir='ltr'><strong>qni</strong></span> <span class='ocrx_word' id='word_1_16' title='bbox 1255 698 1332 749; x_wconf 78' lang='lat' dir='ltr'><strong>sic</strong></span> <span class='ocrx_word' id='word_1_17' title='bbox 1364 697 1526 749; x_wconf 79' lang='lat' dir='ltr'><strong>inter</strong></span> 
     </span>
     <span class='ocr_line' id='line_1_6' title="bbox 465 776 1522 841; baseline 0.001 -16"><span class='ocrx_word' id='word_1_18' title='bbox 465 783 771 841; x_wconf 84' lang='lat' dir='ltr'><strong>pretentur.</strong></span> <span class='ocrx_word' id='word_1_19' title='bbox 807 777 967 828; x_wconf 87' lang='lat' dir='ltr'><strong>Modo</strong></span> <span class='ocrx_word' id='word_1_20' title='bbox 996 776 1233 825; x_wconf 78' lang='lat' dir='ltr'><strong>dominns</strong></span> <span class='ocrx_word' id='word_1_21' title='bbox 1265 776 1402 825; x_wconf 87' lang='lat' dir='ltr'><strong>servi</strong></span> <span class='ocrx_word' id='word_1_22' title='bbox 1420 790 1522 826; x_wconf 89' lang='lat' dir='ltr'><strong>non</strong></span> 
     </span>
     <span class='ocr_line' id='line_1_7' title="bbox 465 850 1522 914; baseline -0.001 -13"><span class='ocrx_word' id='word_1_23' title='bbox 465 858 604 901; x_wconf 77' lang='lat' dir='ltr'><strong>esset</strong></span> <span class='ocrx_word' id='word_1_24' title='bbox 626 851 892 901; x_wconf 86' lang='lat' dir='ltr'><strong>conscius·</strong></span> <span class='ocrx_word' id='word_1_25' title='bbox 878 886 893 911; x_wconf 88' lang='lat'>‚</span> <span class='ocrx_word' id='word_1_26' title='bbox 936 865 1053 900; x_wconf 89' lang='lat' dir='ltr'><strong>nam</strong></span> <span class='ocrx_word' id='word_1_27' title='bbox 1075 850 1117 899; x_wconf 90' lang='lat' dir='ltr'><strong>si</strong></span> <span class='ocrx_word' id='word_1_28' title='bbox 1141 851 1307 899; x_wconf 84' lang='lat' dir='ltr'><strong>sciens</strong></span> <span class='ocrx_word' id='word_1_29' title='bbox 1328 855 1383 900; x_wconf 89' lang='lat' dir='ltr'><strong>et</strong></span> <span class='ocrx_word' id='word_1_30' title='bbox 1407 864 1522 914; x_wconf 87' lang='lat' dir='ltr'><strong>par-</strong></span> 
     </span>
     <span class='ocr_line' id='line_1_8' title="bbox 458 916 1522 991; baseline -0.001 -15"><span class='ocrx_word' id='word_1_31' title='bbox 458 920 640 991; x_wconf 54' lang='lat' dir='ltr'><strong>ticeps</strong></span> <span class='ocrx_word' id='word_1_32' title='bbox 653 933 793 977; x_wconf 77' lang='lat' dir='ltr'><strong>esset</strong></span> <span class='ocrx_word' id='word_1_33' title='bbox 814 916 941 977; x_wconf 64' lang='lat' dir='ltr'><strong>talis⁴</strong></span> <span class='ocrx_word' id='word_1_34' title='bbox 973 924 1180 990; x_wconf 78' lang='lat' dir='ltr'><strong>flagitii,</strong></span> <span class='ocrx_word' id='word_1_35' title='bbox 1217 926 1291 975; x_wconf 84' lang='lat' dir='ltr'><strong>sic</strong></span> <span class='ocrx_word' id='word_1_36' title='bbox 1314 926 1522 977; x_wconf 78' lang='lat' dir='ltr'><strong>videba-</strong></span> 
     </span>
     <span class='ocr_line' id='line_1_9' title="bbox 463 1003 1521 1067; baseline 0 -15"><span class='ocrx_word' id='word_1_37' title='bbox 463 1010 549 1052; x_wconf 80' lang='lat' dir='ltr'><strong>uu·</strong></span> <span class='ocrx_word' id='word_1_38' title='bbox 584 1003 827 1066; x_wconf 83' lang='lat' dir='ltr'><strong>indignus</strong></span> <span class='ocrx_word' id='word_1_39' title='bbox 866 1004 1033 1066; x_wconf 84' lang='lat' dir='ltr'><strong>gratia</strong></span> <span class='ocrx_word' id='word_1_40' title='bbox 1069 1003 1216 1066; x_wconf 84' lang='lat' dir='ltr'><strong>legis,</strong></span> <span class='ocrx_word' id='word_1_41' title='bbox 1262 1018 1380 1067; x_wconf 80' lang='lat' dir='ltr'><strong>quoe</strong></span> <span class='ocrx_word' id='word_1_42' title='bbox 1423 1003 1521 1067; x_wconf 82' lang='lat' dir='ltr'><strong>ipsi</strong></span> 
     </span>
     <span class='ocr_line' id='line_1_10' title="bbox 462 1077 1521 1142; baseline 0 -13"><span class='ocrx_word' id='word_1_43' title='bbox 462 1079 722 1130; x_wconf 75' lang='lat' dir='ltr'><strong>tribuebat</strong></span> <span class='ocrx_word' id='word_1_44' title='bbox 734 1080 824 1142; x_wconf 84' lang='lat' dir='ltr'><strong>jus</strong></span> <span class='ocrx_word' id='word_1_45' title='bbox 848 1079 1062 1127; x_wconf 87' lang='lat' dir='ltr'><strong>dominii</strong></span> <span class='ocrx_word' id='word_1_46' title='bbox 1104 1079 1155 1127; x_wconf 89' lang='lat' dir='ltr'><strong>in</strong></span> <span class='ocrx_word' id='word_1_47' title='bbox 1191 1078 1332 1129; x_wconf 83' lang='lat' dir='ltr'><strong>illam</strong></span> <span class='ocrx_word' id='word_1_48' title='bbox 1355 1077 1521 1129; x_wconf 85' lang='lat' dir='ltr'><strong>foemi·</strong></span> 
     </span>
     <span class='ocr_line' id='line_1_11' title="bbox 460 1155 1519 1220; baseline -0.003 -11"><span class='ocrx_word' id='word_1_49' title='bbox 460 1169 604 1220; x_wconf 71' lang='lat' dir='ltr'><strong>mm,</strong></span> <span class='ocrx_word' id='word_1_50' title='bbox 638 1157 764 1206; x_wconf 90' lang='lat' dir='ltr'><strong>licet</strong></span> <span class='ocrx_word' id='word_1_51' title='bbox 807 1155 1097 1218; x_wconf 83' lang='lat' dir='ltr'><strong>ingenuam,</strong></span> <span class='ocrx_word' id='word_1_52' title='bbox 1129 1171 1247 1220; x_wconf 82' lang='lat' dir='ltr'><strong>quae</strong></span> <span class='ocrx_word' id='word_1_53' title='bbox 1290 1170 1347 1204; x_wconf 87' lang='lat' dir='ltr'><strong>se</strong></span> <span class='ocrx_word' id='word_1_54' title='bbox 1383 1156 1519 1206; x_wconf 85' lang='lat' dir='ltr'><strong>illins</strong></span> 
     </span>
     <span class='ocr_line' id='line_1_12' title="bbox 460 1230 1517 1296; baseline 0.002 -17"><span class='ocrx_word' id='word_1_55' title='bbox 460 1230 919 1294; x_wconf 77' lang='lat' dir='ltr'><strong>servojunxisset:</strong></span> <span class='ocrx_word' id='word_1_56' title='bbox 971 1246 1072 1296; x_wconf 83' lang='lat' dir='ltr'><strong>quo</strong></span> <span class='ocrx_word' id='word_1_57' title='bbox 1094 1231 1211 1296; x_wconf 82' lang='lat' dir='ltr'><strong>jure</strong></span> <span class='ocrx_word' id='word_1_58' title='bbox 1249 1246 1339 1281; x_wconf 87' lang='lat' dir='ltr'><strong>seu</strong></span> <span class='ocrx_word' id='word_1_59' title='bbox 1362 1231 1517 1295; x_wconf 84' lang='lat' dir='ltr'><strong>privi-</strong></span> 
     </span>
     <span class='ocr_line' id='line_1_13' title="bbox 456 1306 1517 1371; baseline 0.002 -12"><span class='ocrx_word' id='word_1_60' title='bbox 456 1306 614 1371; x_wconf 77' lang='lat' dir='ltr'><strong>legio,</strong></span> <span class='ocrx_word' id='word_1_61' title='bbox 635 1306 792 1355; x_wconf 87' lang='lat' dir='ltr'><strong>etiam</strong></span> <span class='ocrx_word' id='word_1_62' title='bbox 816 1306 905 1356; x_wconf 87' lang='lat' dir='ltr'><strong>ille</strong></span> <span class='ocrx_word' id='word_1_63' title='bbox 928 1322 1105 1357; x_wconf 86' lang='lat' dir='ltr'><strong>servus</strong></span> <span class='ocrx_word' id='word_1_64' title='bbox 1127 1308 1282 1370; x_wconf 75' lang='lat' dir='ltr'><strong>longe</strong></span> <span class='ocrx_word' id='word_1_65' title='bbox 1312 1308 1517 1370; x_wconf 82' lang='lat' dir='ltr'><strong>majoris</strong></span> 
     </span>
     <span class='ocr_line' id='line_1_14' title="bbox 461 1382 909 1448; baseline -0.011 -13"><span class='ocrx_word' id='word_1_66' title='bbox 461 1383 622 1448; x_wconf 78' lang='lat' dir='ltr'><strong>pretii</strong></span> <span class='ocrx_word' id='word_1_67' title='bbox 648 1382 829 1433; x_wconf 68' lang='lat' dir='ltr'><strong>fiebat.</strong></span> <span class='ocrx_word' id='word_1_68' title='bbox 904 1413 909 1418; x_wconf 94' lang='lat'>-</span> 
     </span>
    </p>

    <p class='ocr_par' dir='ltr' id='par_1_6' title="bbox 429 1460 1520 3134">
     <span class='ocr_line' id='line_1_15' title="bbox 522 1460 1520 1526; baseline 0 -15"><span class='ocrx_word' id='word_1_69' title='bbox 522 1461 659 1513; x_wconf 76' lang='lat' dir='ltr'><strong>Nem</strong></span> <span class='ocrx_word' id='word_1_70' title='bbox 682 1462 764 1510; x_wconf 83' lang='lat' dir='ltr'><strong>vel</strong></span> <span class='ocrx_word' id='word_1_71' title='bbox 796 1461 907 1525; x_wconf 84' lang='lat' dir='ltr'><strong>ipsa</strong></span> <span class='ocrx_word' id='word_1_72' title='bbox 927 1460 1136 1520; x_wconf 54' lang='lat' dir='ltr'><strong>foemina</strong></span> <span class='ocrx_word' id='word_1_73' title='bbox 1156 1476 1342 1526; x_wconf 82' lang='lat' dir='ltr'><strong>magna</strong></span> <span class='ocrx_word' id='word_1_74' title='bbox 1365 1476 1520 1526; x_wconf 85' lang='lat' dir='ltr'><strong>pecn-</strong></span> 
     </span>
     <span class='ocr_line' id='line_1_16' title="bbox 456 1536 1518 1603; baseline 0 -16"><span class='ocrx_word' id='word_1_75' title='bbox 456 1536 543 1589; x_wconf 75' lang='lat' dir='ltr'><strong>nia</strong></span> <span class='ocrx_word' id='word_1_76' title='bbox 579 1537 831 1594; x_wconf 75' lang='lat' dir='ltr'><strong>redimere</strong></span> <span class='ocrx_word' id='word_1_77' title='bbox 868 1538 1012 1586; x_wconf 87' lang='lat' dir='ltr'><strong>illum</strong></span> <span class='ocrx_word' id='word_1_78' title='bbox 1044 1538 1321 1599; x_wconf 87' lang='lat' dir='ltr'><strong>hominem,</strong></span> <span class='ocrx_word' id='word_1_79' title='bbox 1363 1550 1518 1603; x_wconf 84' lang='lat' dir='ltr'><strong>quem</strong></span> 
     </span>
     <span class='ocr_line' id='line_1_17' title="bbox 458 1612 1518 1678; baseline -0.001 -13"><span class='ocrx_word' id='word_1_80' title='bbox 458 1612 743 1678; x_wconf 77' lang='lat' dir='ltr'><strong>deperibat,</strong></span> <span class='ocrx_word' id='word_1_81' title='bbox 766 1631 798 1664; x_wconf 85' lang='lat' dir='ltr'><strong>a</strong></span> <span class='ocrx_word' id='word_1_82' title='bbox 819 1614 1073 1665; x_wconf 75' lang='lat' dir='ltr'><strong>servitute</strong></span> <span class='ocrx_word' id='word_1_83' title='bbox 1090 1615 1276 1678; x_wconf 85' lang='lat' dir='ltr'><strong>potuit,</strong></span> <span class='ocrx_word' id='word_1_84' title='bbox 1300 1617 1381 1664; x_wconf 86' lang='lat' dir='ltr'><strong>vel</strong></span> <span class='ocrx_word' id='word_1_85' title='bbox 1403 1615 1518 1678; x_wconf 83' lang='lat' dir='ltr'><strong>ipsa</strong></span> 
     </span>
     <span class='ocr_line' id='line_1_18' title="bbox 457 1689 1515 1756; baseline 0 -17"><span class='ocrx_word' id='word_1_86' title='bbox 457 1690 669 1741; x_wconf 76' lang='lat' dir='ltr'><strong>servitio</strong></span> <span class='ocrx_word' id='word_1_87' title='bbox 712 1689 997 1754; x_wconf 83' lang='lat' dir='ltr'><strong>mancipari</strong></span> <span class='ocrx_word' id='word_1_88' title='bbox 1028 1705 1150 1755; x_wconf 42' lang='lat' dir='ltr'><strong>‚cnm</strong></span> <span class='ocrx_word' id='word_1_89' title='bbox 1186 1690 1384 1752; x_wconf 78' lang='lat' dir='ltr'><strong>liberis,</strong></span> <span class='ocrx_word' id='word_1_90' title='bbox 1428 1691 1515 1756; x_wconf 88' lang='lat' dir='ltr'><strong>qui</strong></span> 
     </span>
     <span class='ocr_line' id='line_1_19' title="bbox 453 1768 1514 1819; baseline -0.001 -2"><span class='ocrx_word' id='word_1_91' title='bbox 453 1781 522 1817; x_wconf 82' lang='lat' dir='ltr'><strong>ex</strong></span> <span class='ocrx_word' id='word_1_92' title='bbox 588 1769 682 1819; x_wconf 80' lang='lat' dir='ltr'><strong>tali</strong></span> <span class='ocrx_word' id='word_1_93' title='bbox 744 1768 1086 1818; x_wconf 74' lang='lat' dir='ltr'><strong>contubernio</strong></span> <span class='ocrx_word' id='word_1_94' title='bbox 1158 1775 1514 1819; x_wconf 82' lang='lat' dir='ltr'><strong>nascerentur.</strong></span> 
     </span>
     <span class='ocr_line' id='line_1_20' title="bbox 455 1843 1511 1905; baseline -0.001 -11"><span class='ocrx_word' id='word_1_95' title='bbox 455 1843 609 1895; x_wconf 79' lang='lat' dir='ltr'><strong>Quod</strong></span> <span class='ocrx_word' id='word_1_96' title='bbox 647 1857 749 1892; x_wconf 87' lang='lat' dir='ltr'><strong>non</strong></span> <span class='ocrx_word' id='word_1_97' title='bbox 781 1843 971 1892; x_wconf 85' lang='lat' dir='ltr'><strong>meruit</strong></span> <span class='ocrx_word' id='word_1_98' title='bbox 1007 1843 1238 1891; x_wconf 87' lang='lat' dir='ltr'><strong>dominus</strong></span> <span class='ocrx_word' id='word_1_99' title='bbox 1275 1843 1431 1905; x_wconf 86' lang='lat' dir='ltr'><strong>servi,</strong></span> <span class='ocrx_word' id='word_1_100' title='bbox 1468 1843 1511 1893; x_wconf 85' lang='lat' dir='ltr'><strong>si</strong></span> 
     </span>
     <span class='ocr_line' id='line_1_21' title="bbox 452 1917 1511 1986; baseline 0.002 -18"><span class='ocrx_word' id='word_1_101' title='bbox 452 1917 641 1984; x_wconf 78' lang='lat' dir='ltr'><strong>fiagitii</strong></span> <span class='ocrx_word' id='word_1_102' title='bbox 662 1919 901 1974; x_wconf 81' lang='lat' dir='ltr'><strong>conscius</strong></span> <span class='ocrx_word' id='word_1_103' title='bbox 926 1926 1017 1967; x_wconf 85' lang='lat' dir='ltr'><strong>aut</strong></span> <span class='ocrx_word' id='word_1_104' title='bbox 1049 1920 1340 1986; x_wconf 73' lang='lat' dir='ltr'><strong>particepsz</strong></span> <span class='ocrx_word' id='word_1_105' title='bbox 1390 1934 1511 1970; x_wconf 86' lang='lat' dir='ltr'><strong>nam</strong></span> 
     </span>
     <span class='ocr_line' id='line_1_22' title="bbox 451 1993 1508 2059; baseline -0.003 -14"><span class='ocrx_word' id='word_1_106' title='bbox 451 1995 628 2059; x_wconf 83' lang='lat' dir='ltr'><strong>potuit</strong></span> <span class='ocrx_word' id='word_1_107' title='bbox 658 1993 798 2044; x_wconf 83' lang='lat' dir='ltr'><strong>fraus</strong></span> <span class='ocrx_word' id='word_1_108' title='bbox 837 1994 943 2057; x_wconf 81' lang='lat' dir='ltr'><strong>ejus</strong></span> <span class='ocrx_word' id='word_1_109' title='bbox 982 1994 1314 2044; x_wconf 87' lang='lat' dir='ltr'><strong>intervenisse</strong></span> <span class='ocrx_word' id='word_1_110' title='bbox 1337 1995 1393 2044; x_wconf 88' lang='lat' dir='ltr'><strong>in</strong></span> <span class='ocrx_word' id='word_1_111' title='bbox 1415 1993 1508 2044; x_wconf 81' lang='lat' dir='ltr'><strong>fal·</strong></span> 
     </span>
     <span class='ocr_line' id='line_1_23' title="bbox 449 2069 1507 2123; baseline 0.001 -3"><span class='ocrx_word' id='word_1_112' title='bbox 449 2070 605 2121; x_wconf 80' lang='lat' dir='ltr'><strong>lenda</strong></span> <span class='ocrx_word' id='word_1_113' title='bbox 625 2077 718 2121; x_wconf 87' lang='lat' dir='ltr'><strong>aut</strong></span> <span class='ocrx_word' id='word_1_114' title='bbox 736 2070 1011 2121; x_wconf 81' lang='lat' dir='ltr'><strong>allicienda</strong></span> <span class='ocrx_word' id='word_1_115' title='bbox 1046 2069 1254 2121; x_wconf 82' lang='lat' dir='ltr'><strong>foemina</strong></span> <span class='ocrx_word' id='word_1_116' title='bbox 1276 2070 1329 2121; x_wconf 85' lang='lat' dir='ltr'><strong>in</strong></span> <span class='ocrx_word' id='word_1_117' title='bbox 1351 2072 1507 2123; x_wconf 84' lang='lat' dir='ltr'><strong>talem</strong></span> 
     </span>
     <span class='ocr_line' id='line_1_24' title="bbox 448 2146 1368 2204; baseline 0.01 -9"><span class='ocrx_word' id='word_1_118' title='bbox 448 2146 736 2197; x_wconf 84' lang='lat' dir='ltr'><strong>libidinem.</strong></span> <span class='ocrx_word' id='word_1_119' title='bbox 1361 2199 1368 2204; x_wconf 83' lang='lat'><strong>.</strong></span> 
     </span>
     <span class='ocr_line' id='line_1_25' title="bbox 476 2223 1507 2287; baseline 0.002 -14"><span class='ocrx_word' id='word_1_120' title='bbox 476 2223 694 2286; x_wconf 56' lang='lat' dir='ltr'><strong>*ffgnoero</strong></span> <span class='ocrx_word' id='word_1_121' title='bbox 707 2223 920 2287; x_wconf 72' lang='lat' dir='ltr'><strong>domino]</strong></span> <span class='ocrx_word' id='word_1_122' title='bbox 967 2226 1103 2275; x_wconf 86' lang='lat' dir='ltr'><strong>Nam</strong></span> <span class='ocrx_word' id='word_1_123' title='bbox 1127 2224 1172 2275; x_wconf 86' lang='lat' dir='ltr'><strong>si</strong></span> <span class='ocrx_word' id='word_1_124' title='bbox 1209 2223 1423 2277; x_wconf 72' lang='lat' dir='ltr'><strong>favisset</strong></span> <span class='ocrx_word' id='word_1_125' title='bbox 1443 2239 1507 2275; x_wconf 88' lang='lat' dir='ltr'><strong>ac</strong></span> 
     </span>
     <span class='ocr_line' id='line_1_26' title="bbox 450 2303 1505 2367; baseline 0 -14"><span class='ocrx_word' id='word_1_126' title='bbox 450 2303 792 2357; x_wconf 74' lang='lat' dir='ltr'><strong>consensisset</strong></span> <span class='ocrx_word' id='word_1_127' title='bbox 811 2304 1045 2355; x_wconf 83' lang='lat' dir='ltr'><strong>dominus</strong></span> <span class='ocrx_word' id='word_1_128' title='bbox 1061 2303 1219 2367; x_wconf 88' lang='lat' dir='ltr'><strong>servi,</strong></span> <span class='ocrx_word' id='word_1_129' title='bbox 1234 2305 1310 2353; x_wconf 87' lang='lat' dir='ltr'><strong>sic</strong></span> <span class='ocrx_word' id='word_1_130' title='bbox 1332 2304 1505 2366; x_wconf 85' lang='lat' dir='ltr'><strong>potius</strong></span> 
     </span>
     <span class='ocr_line' id='line_1_27' title="bbox 438 2380 1507 2444; baseline 0.004 -15"><span class='ocrx_word' id='word_1_131' title='bbox 438 2381 640 2431; x_wconf 72' lang='lat' dir='ltr'><strong>meruit</strong></span> <span class='ocrx_word' id='word_1_132' title='bbox 659 2382 897 2431; x_wconf 83' lang='lat' dir='ltr'><strong>amittere</strong></span> <span class='ocrx_word' id='word_1_133' title='bbox 907 2381 996 2444; x_wconf 81' lang='lat' dir='ltr'><strong>jus</strong></span> <span class='ocrx_word' id='word_1_134' title='bbox 1018 2380 1072 2429; x_wconf 91' lang='lat' dir='ltr'><strong>in</strong></span> <span class='ocrx_word' id='word_1_135' title='bbox 1104 2394 1327 2441; x_wconf 85' lang='lat' dir='ltr'><strong>servum,</strong></span> <span class='ocrx_word' id='word_1_136' title='bbox 1352 2394 1507 2444; x_wconf 75' lang='lat' dir='ltr'><strong>qnam</strong></span> 
     </span>
     <span class='ocr_line' id='line_1_28' title="bbox 448 2455 1507 2510; baseline -0.002 0"><span class='ocrx_word' id='word_1_137' title='bbox 448 2457 713 2510; x_wconf 78' lang='lat' dir='ltr'><strong>mulierem</strong></span> <span class='ocrx_word' id='word_1_138' title='bbox 733 2457 947 2508; x_wconf 85' lang='lat' dir='ltr'><strong>liberam</strong></span> <span class='ocrx_word' id='word_1_139' title='bbox 984 2455 1246 2507; x_wconf 82' lang='lat' dir='ltr'><strong>vindicare</strong></span> <span class='ocrx_word' id='word_1_140' title='bbox 1266 2455 1319 2506; x_wconf 83' lang='lat' dir='ltr'><strong>‘m</strong></span> <span class='ocrx_word' id='word_1_141' title='bbox 1354 2457 1507 2510; x_wconf 80' lang='lat' dir='ltr'><strong>servi-</strong></span> 
     </span>
     <span class='ocr_line' id='line_1_29' title="bbox 447 2540 632 2586; baseline 0.011 -2"><span class='ocrx_word' id='word_1_142' title='bbox 447 2540 632 2586; x_wconf 71' lang='lat' dir='ltr'><strong>tutem.</strong></span> 
     </span>
     <span class='ocr_line' id='line_1_30' title="bbox 473 2610 1504 2677; baseline 0.004 -16"><span class='ocrx_word' id='word_1_143' title='bbox 473 2639 476 2642; x_wconf 58' lang='lat'>&gt;</span> <span class='ocrx_word' id='word_1_144' title='bbox 513 2612 650 2661; x_wconf 81' lang='lat' dir='ltr'><strong>Nam</strong></span> <span class='ocrx_word' id='word_1_145' title='bbox 687 2612 762 2662; x_wconf 82' lang='lat' dir='ltr'><strong>sie</strong></span> <span class='ocrx_word' id='word_1_146' title='bbox 797 2612 917 2662; x_wconf 87' lang='lat' dir='ltr'><strong>talis</strong></span> <span class='ocrx_word' id='word_1_147' title='bbox 938 2610 1123 2677; x_wconf 77' lang='lat' dir='ltr'><strong>flagitii</strong></span> <span class='ocrx_word' id='word_1_148' title='bbox 1145 2628 1262 2664; x_wconf 85' lang='lat' dir='ltr'><strong>reus</strong></span> <span class='ocrx_word' id='word_1_149' title='bbox 1293 2620 1351 2664; x_wconf 91' lang='lat' dir='ltr'><strong>et</strong></span> <span class='ocrx_word' id='word_1_150' title='bbox 1381 2629 1504 2666; x_wconf 85' lang='lat' dir='ltr'><strong>con-</strong></span> 
     </span>
     <span class='ocr_line' id='line_1_31' title="bbox 447 2687 1502 2741; baseline 0.003 -3"><span class='ocrx_word' id='word_1_151' title='bbox 447 2688 582 2738; x_wconf 76' lang='lat' dir='ltr'><strong>seins</strong></span> <span class='ocrx_word' id='word_1_152' title='bbox 602 2687 760 2739; x_wconf 83' lang='lat' dir='ltr'><strong>foret.</strong></span> <span class='ocrx_word' id='word_1_153' title='bbox 815 2690 949 2740; x_wconf 89' lang='lat' dir='ltr'><strong>Cum</strong></span> <span class='ocrx_word' id='word_1_154' title='bbox 966 2689 1235 2740; x_wconf 78' lang='lat' dir='ltr'><strong>decretum</strong></span> <span class='ocrx_word' id='word_1_155' title='bbox 1256 2689 1381 2739; x_wconf 84' lang='lat' dir='ltr'><strong>illud</strong></span> <span class='ocrx_word' id='word_1_156' title='bbox 1400 2701 1502 2741; x_wconf 87' lang='lat' dir='ltr'><strong>non</strong></span> 
     </span>
     <span class='ocr_line' id='line_1_32' title="bbox 446 2763 1506 2830; baseline 0.003 -15"><span class='ocrx_word' id='word_1_157' title='bbox 446 2763 724 2815; x_wconf 74' lang='lat' dir='ltr'><strong>habeamus</strong></span> <span class='ocrx_word' id='word_1_158' title='bbox 746 2765 1023 2828; x_wconf 74' lang='lat' dir='ltr'><strong>integrum,</strong></span> <span class='ocrx_word' id='word_1_159' title='bbox 1043 2765 1177 2815; x_wconf 82' lang='lat' dir='ltr'><strong>scire</strong></span> <span class='ocrx_word' id='word_1_160' title='bbox 1202 2780 1305 2815; x_wconf 87' lang='lat' dir='ltr'><strong>non</strong></span> <span class='ocrx_word' id='word_1_161' title='bbox 1327 2781 1506 2830; x_wconf 84' lang='lat' dir='ltr'><strong>possu-</strong></span> 
     </span>
     <span class='ocr_line' id='line_1_33' title="bbox 443 2839 1504 2905; baseline 0 -13"><span class='ocrx_word' id='word_1_162' title='bbox 443 2852 574 2904; x_wconf 67' lang='lat' dir='ltr'><strong>mus,</strong></span> <span class='ocrx_word' id='word_1_163' title='bbox 595 2839 720 2905; x_wconf 83' lang='lat' dir='ltr'><strong>qnid</strong></span> <span class='ocrx_word' id='word_1_164' title='bbox 742 2847 952 2890; x_wconf 85' lang='lat' dir='ltr'><strong>cautum</strong></span> <span class='ocrx_word' id='word_1_165' title='bbox 988 2848 1127 2891; x_wconf 80' lang='lat' dir='ltr'><strong>esset</strong></span> <span class='ocrx_word' id='word_1_166' title='bbox 1159 2840 1405 2892; x_wconf 80' lang='lat' dir='ltr'><strong>adversus</strong></span> <span class='ocrx_word' id='word_1_167' title='bbox 1428 2847 1504 2892; x_wconf 83' lang='lat' dir='ltr'><strong>ta-</strong></span> 
     </span>
     <span class='ocr_line' id='line_1_34' title="bbox 429 2917 1505 2971; baseline 0.005 -5"><span class='ocrx_word' id='word_1_168' title='bbox 429 2917 548 2966; x_wconf 66' lang='lat' dir='ltr'><strong>Jem</strong></span> <span class='ocrx_word' id='word_1_169' title='bbox 568 2917 863 2968; x_wconf 86' lang='lat' dir='ltr'><strong>dominnm.</strong></span> <span class='ocrx_word' id='word_1_170' title='bbox 849 2934 862 2946; x_wconf 94' lang='lat'><strong>·</strong></span> <span class='ocrx_word' id='word_1_171' title='bbox 912 2917 988 2966; x_wconf 82' lang='lat' dir='ltr'><strong>sic</strong></span> <span class='ocrx_word' id='word_1_172' title='bbox 1020 2923 1075 2966; x_wconf 90' lang='lat' dir='ltr'><strong>et</strong></span> <span class='ocrx_word' id='word_1_173' title='bbox 1107 2917 1274 2968; x_wconf 84' lang='lat' dir='ltr'><strong>multa</strong></span> <span class='ocrx_word' id='word_1_174' title='bbox 1297 2918 1399 2966; x_wconf 88' lang='lat' dir='ltr'><strong>alia</strong></span> <span class='ocrx_word' id='word_1_175' title='bbox 1420 2934 1505 2971; x_wconf 67' lang='lat' dir='ltr'><strong>ca-</strong></span> 
     </span>
     <span class='ocr_line' id='line_1_35' title="bbox 446 2993 1502 3057; baseline -0.001 -14"><span class='ocrx_word' id='word_1_176' title='bbox 446 2993 558 3057; x_wconf 76' lang='lat' dir='ltr'><strong>pita</strong></span> <span class='ocrx_word' id='word_1_177' title='bbox 593 2993 745 3057; x_wconf 74' lang='lat' dir='ltr'><strong>hujus</strong></span> <span class='ocrx_word' id='word_1_178' title='bbox 781 2993 1245 3056; x_wconf 70' lang='lat' dir='ltr'><strong>senatusconsulti,</strong></span> <span class='ocrx_word' id='word_1_179' title='bbox 1288 3000 1345 3044; x_wconf 87' lang='lat' dir='ltr'><strong>et</strong></span> <span class='ocrx_word' id='word_1_180' title='bbox 1381 2994 1502 3043; x_wconf 86' lang='lat' dir='ltr'><strong>alio-</strong></span> 
     </span>
     <span class='ocr_line' id='line_1_36' title="bbox 445 3063 916 3134; baseline -0.004 -15"><span class='ocrx_word' id='word_1_181' title='bbox 445 3079 575 3132; x_wconf 74' lang='lat' dir='ltr'><strong>rum,</strong></span> <span class='ocrx_word' id='word_1_182' title='bbox 594 3063 916 3134; x_wconf 68' lang='lat' dir='ltr'><strong>ignorantiir.</strong></span> 
     </span>
    </p>

    <p class='ocr_par' dir='ltr' id='par_1_7' title="bbox 435 3146 1502 4036">
     <span class='ocr_line' id='line_1_37' title="bbox 509 3146 1502 3211; baseline -0.001 -12.062"><span class='ocrx_word' id='word_1_183' title='bbox 509 3146 534 3183; x_wconf 58' lang='grc' dir='ltr'><strong><em>ὅ</em></strong></span> <span class='ocrx_word' id='word_1_184' title='bbox 566 3149 627 3200; x_wconf 74' lang='lat' dir='ltr'><strong>In</strong></span> <span class='ocrx_word' id='word_1_185' title='bbox 643 3149 904 3199; x_wconf 61' lang='lat' dir='ltr'><strong>ursicinus</strong></span> <span class='ocrx_word' id='word_1_186' title='bbox 931 3148 1008 3196; x_wconf 74' lang='lat' dir='ltr'><strong>sin</strong></span> <span class='ocrx_word' id='word_1_187' title='bbox 1027 3147 1352 3211; x_wconf 70' lang='lat' dir='ltr'><strong>consensisset]</strong></span> <span class='ocrx_word' id='word_1_188' title='bbox 1376 3149 1502 3198; x_wconf 87' lang='lat' dir='ltr'><strong>Vul-</strong></span> 
     </span>
     <span class='ocr_line' id='line_1_38' title="bbox 446 3224 1500 3288; baseline 0 -15"><span class='ocrx_word' id='word_1_189' title='bbox 446 3238 521 3288; x_wconf 75' lang='lat' dir='ltr'><strong>go</strong></span> <span class='ocrx_word' id='word_1_190' title='bbox 544 3224 600 3273; x_wconf 79' lang='grc' dir='ltr'><strong>ιἰι</strong></span> <span class='ocrx_word' id='word_1_191' title='bbox 628 3224 902 3273; x_wconf 75' lang='lat' dir='ltr'><strong>servitutem</strong></span> <span class='ocrx_word' id='word_1_192' title='bbox 934 3225 1011 3272; x_wconf 74' lang='lat' dir='ltr'><strong>sui</strong></span> <span class='ocrx_word' id='word_1_193' title='bbox 1047 3224 1379 3283; x_wconf 55' lang='lat' dir='ltr'><strong>consensissem</strong></span> <span class='ocrx_word' id='word_1_194' title='bbox 1444 3231 1500 3275; x_wconf 90' lang='lat' dir='ltr'><strong>et</strong></span> 
     </span>
     <span class='ocr_line' id='line_1_39' title="bbox 444 3298 1502 3360; baseline 0.001 -11"><span class='ocrx_word' id='word_1_195' title='bbox 444 3299 590 3349; x_wconf 73' lang='lat' dir='ltr'><strong>aiunt</strong></span> <span class='ocrx_word' id='word_1_196' title='bbox 624 3314 729 3349; x_wconf 80' lang='lat' dir='ltr'><strong>non</strong></span> <span class='ocrx_word' id='word_1_197' title='bbox 772 3298 981 3360; x_wconf 79' lang='lat' dir='ltr'><strong>dubiam</strong></span> <span class='ocrx_word' id='word_1_198' title='bbox 1019 3298 1330 3348; x_wconf 82' lang='lat' dir='ltr'><strong>sententiam</strong></span> <span class='ocrx_word' id='word_1_199' title='bbox 1385 3314 1502 3351; x_wconf 84' lang='lat' dir='ltr'><strong>esse</strong></span> 
     </span>
     <span class='ocr_line' id='line_1_40' title="bbox 442 3372 1501 3438; baseline 0.003 -17"><span class='ocrx_word' id='word_1_200' title='bbox 442 3372 602 3425; x_wconf 77' lang='lat' dir='ltr'><strong>hanc:</strong></span> <span class='ocrx_word' id='word_1_201' title='bbox 652 3373 917 3423; x_wconf 86' lang='lat' dir='ltr'><strong>mulierem</strong></span> <span class='ocrx_word' id='word_1_202' title='bbox 958 3372 1190 3431; x_wconf 82' lang='lat' dir='ltr'>liberam,</span> <span class='ocrx_word' id='word_1_203' title='bbox 1226 3389 1342 3438; x_wconf 82' lang='lat' dir='ltr'><strong>qnae</strong></span> <span class='ocrx_word' id='word_1_204' title='bbox 1383 3390 1501 3424; x_wconf 86' lang='lat' dir='ltr'><strong>cum</strong></span> 
     </span>
     <span class='ocr_line' id='line_1_41' title="bbox 435 3447 1502 3500; baseline 0 0"><span class='ocrx_word' id='word_1_205' title='bbox 435 3450 608 3500; x_wconf 71' lang='lat' dir='ltr'><strong>alieno</strong></span> <span class='ocrx_word' id='word_1_206' title='bbox 636 3464 784 3500; x_wconf 80' lang='lat' dir='ltr'><strong>servo</strong></span> <span class='ocrx_word' id='word_1_207' title='bbox 821 3448 972 3498; x_wconf 86' lang='lat' dir='ltr'><strong>solita</strong></span> <span class='ocrx_word' id='word_1_208' title='bbox 1008 3448 1077 3497; x_wconf 86' lang='lat' dir='ltr'><strong>sit</strong></span> <span class='ocrx_word' id='word_1_209' title='bbox 1108 3447 1314 3498; x_wconf 88' lang='lat' dir='ltr'><strong>domino</strong></span> <span class='ocrx_word' id='word_1_210' title='bbox 1349 3448 1502 3500; x_wconf 87' lang='lat' dir='ltr'><strong>insci-</strong></span> 
     </span>
     <span class='ocr_line' id='line_1_42' title="bbox 443 3524 1499 3590; baseline -0.002 -14"><span class='ocrx_word' id='word_1_211' title='bbox 443 3532 583 3589; x_wconf 79' lang='lat' dir='ltr'><strong>ente,</strong></span> <span class='ocrx_word' id='word_1_212' title='bbox 604 3538 806 3575; x_wconf 81' lang='lat' dir='ltr'><strong>servam</strong></span> <span class='ocrx_word' id='word_1_213' title='bbox 828 3524 943 3575; x_wconf 78' lang='lat' dir='ltr'><strong>fieri</strong></span> <span class='ocrx_word' id='word_1_214' title='bbox 980 3525 1127 3574; x_wconf 84' lang='lat' dir='ltr'><strong>velut</strong></span> <span class='ocrx_word' id='word_1_215' title='bbox 1148 3525 1356 3590; x_wconf 88' lang='lat' dir='ltr'><strong>proprio</strong></span> <span class='ocrx_word' id='word_1_216' title='bbox 1377 3540 1499 3575; x_wconf 87' lang='lat' dir='ltr'><strong>con·</strong></span> 
     </span>
     <span class='ocr_line' id='line_1_43' title="bbox 435 3601 1494 3664; baseline 0.002 -14"><span class='ocrx_word' id='word_1_217' title='bbox 435 3615 624 3652; x_wconf 44' lang='lat' dir='ltr'><strong>&#39;sensnz</strong></span> <span class='ocrx_word' id='word_1_218' title='bbox 675 3608 732 3651; x_wconf 90' lang='lat' dir='ltr'><strong>et</strong></span> <span class='ocrx_word' id='word_1_219' title='bbox 763 3607 911 3650; x_wconf 79' lang='lat' dir='ltr'><strong>natos</strong></span> <span class='ocrx_word' id='word_1_220' title='bbox 944 3602 1070 3651; x_wconf 90' lang='lat' dir='ltr'><strong>item</strong></span> <span class='ocrx_word' id='word_1_221' title='bbox 1104 3616 1169 3651; x_wconf 81' lang='lat' dir='ltr'><strong>ex</strong></span> <span class='ocrx_word' id='word_1_222' title='bbox 1202 3601 1283 3664; x_wconf 82' lang='lat' dir='ltr'><strong>iis,</strong></span> <span class='ocrx_word' id='word_1_223' title='bbox 1306 3602 1494 3652; x_wconf 86' lang='lat' dir='ltr'><strong>liberos</strong></span> 
     </span>
     <span class='ocr_line' id='line_1_44' title="bbox 438 3676 1495 3741; baseline -0.003 -12"><span class='ocrx_word' id='word_1_224' title='bbox 438 3691 543 3729; x_wconf 81' lang='lat' dir='ltr'><strong>non</strong></span> <span class='ocrx_word' id='word_1_225' title='bbox 561 3676 755 3727; x_wconf 84' lang='lat' dir='ltr'><strong>baberi.</strong></span> <span class='ocrx_word' id='word_1_226' title='bbox 822 3676 1007 3740; x_wconf 85' lang='lat' dir='ltr'><strong>Itaque</strong></span> <span class='ocrx_word' id='word_1_227' title='bbox 1028 3691 1163 3727; x_wconf 88' lang='lat' dir='ltr'><strong>nnnc</strong></span> <span class='ocrx_word' id='word_1_228' title='bbox 1186 3692 1350 3741; x_wconf 81' lang='lat' dir='ltr'><strong>nuper</strong></span> <span class='ocrx_word' id='word_1_229' title='bbox 1371 3691 1495 3728; x_wconf 81' lang='lat' dir='ltr'><strong>ecce</strong></span> 
     </span>
     <span class='ocr_line' id='line_1_45' title="bbox 439 3753 1497 3817; baseline -0.001 -13"><span class='ocrx_word' id='word_1_230' title='bbox 439 3755 737 3806; x_wconf 77' lang='lat' dir='ltr'><strong>emendavit</strong></span> <span class='ocrx_word' id='word_1_231' title='bbox 759 3753 837 3802; x_wconf 83' lang='lat' dir='ltr'><strong>vir</strong></span> <span class='ocrx_word' id='word_1_232' title='bbox 856 3754 1077 3815; x_wconf 83' lang='lat' dir='ltr'><strong>doctus;</strong></span> <span class='ocrx_word' id='word_1_233' title='bbox 1120 3754 1188 3803; x_wconf 77' lang='lat' dir='ltr'><strong>Ut</strong></span> <span class='ocrx_word' id='word_1_234' title='bbox 1211 3756 1379 3817; x_wconf 73' lang='lat' dir='ltr'><strong>e&#39;gnaro</strong></span> <span class='ocrx_word' id='word_1_235' title='bbox 1417 3757 1497 3803; x_wconf 79' lang='lat' dir='ltr'><strong>do·</strong></span> 
     </span>
     <span class='ocr_line' id='line_1_46' title="bbox 436 3832 1495 3897; baseline 0 -14"><span class='ocrx_word' id='word_1_236' title='bbox 436 3832 563 3883; x_wconf 63' lang='lat' dir='ltr'><strong>mino</strong></span> <span class='ocrx_word' id='word_1_237' title='bbox 599 3834 662 3882; x_wconf 74' lang='lat' dir='ltr'><strong>ad</strong></span> <span class='ocrx_word' id='word_1_238' title='bbox 695 3833 749 3882; x_wconf 74' lang='lat' dir='ltr'><strong>id</strong></span> <span class='ocrx_word' id='word_1_239' title='bbox 779 3833 999 3897; x_wconf 71' lang='lat' dir='ltr'><strong>prolapsu</strong></span> <span class='ocrx_word' id='word_1_240' title='bbox 1027 3834 1080 3881; x_wconf 74' lang='lat' dir='ltr'><strong>in</strong></span> <span class='ocrx_word' id='word_1_241' title='bbox 1107 3833 1377 3883; x_wconf 74' lang='lat' dir='ltr'><strong>servitutem</strong></span> <span class='ocrx_word' id='word_1_242' title='bbox 1411 3847 1495 3883; x_wconf 75' lang='lat' dir='ltr'><strong>ceu</strong></span> 
     </span>
     <span class='ocr_line' id='line_1_47' title="bbox 436 3907 1495 3975; baseline -0.001 -16"><span class='ocrx_word' id='word_1_243' title='bbox 436 3908 761 3960; x_wconf 51' lang='lat' dir='ltr'><strong>amavisset:</strong></span> <span class='ocrx_word' id='word_1_244' title='bbox 812 3917 859 3958; x_wconf 77' lang='lat' dir='ltr'><strong>et</strong></span> <span class='ocrx_word' id='word_1_245' title='bbox 881 3909 963 3973; x_wconf 75' lang='lat' dir='ltr'><strong>qui</strong></span> <span class='ocrx_word' id='word_1_246' title='bbox 1001 3907 1107 3958; x_wconf 76' lang='lat' dir='ltr'><strong>nati</strong></span> <span class='ocrx_word' id='word_1_247' title='bbox 1139 3915 1309 3975; x_wconf 70' lang='lat' dir='ltr'><strong>emat,</strong></span> <span class='ocrx_word' id='word_1_248' title='bbox 1325 3924 1416 3975; x_wconf 81' lang='lat' dir='ltr'><strong>pro</strong></span> <span class='ocrx_word' id='word_1_249' title='bbox 1436 3908 1495 3959; x_wconf 77' lang='lat' dir='ltr'><strong>li-</strong></span> 
     </span>
     <span class='ocr_line' id='line_1_48' title="bbox 437 3983 994 4036; baseline 0.004 -3"><span class='ocrx_word' id='word_1_250' title='bbox 437 3983 563 4036; x_wconf 74' lang='lat' dir='ltr'><strong>beris</strong></span> <span class='ocrx_word' id='word_1_251' title='bbox 578 4000 639 4034; x_wconf 77' lang='lat' dir='ltr'><strong>ne</strong></span> <span class='ocrx_word' id='word_1_252' title='bbox 659 3986 956 4035; x_wconf 73' lang='lat' dir='ltr'><strong>haberentur.</strong></span> <span class='ocrx_word' id='word_1_253' title='bbox 991 4011 994 4014; x_wconf 97' lang='lat'>·</span> 
     </span>
    </p>

    <p class='ocr_par' dir='ltr' id='par_1_8' title="bbox 435 4060 1494 4201">
     <span class='ocr_line' id='line_1_49' title="bbox 448 4060 1494 4126; baseline 0.001 -15"><span class='ocrx_word' id='word_1_254' title='bbox 448 4072 454 4077; x_wconf 82' lang='lat'>·</span> <span class='ocrx_word' id='word_1_255' title='bbox 503 4061 604 4111; x_wconf 82' lang='lat' dir='ltr'><strong>Sed</strong></span> <span class='ocrx_word' id='word_1_256' title='bbox 622 4061 741 4110; x_wconf 77' lang='lat' dir='ltr'><strong>mihi</strong></span> <span class='ocrx_word' id='word_1_257' title='bbox 760 4076 854 4126; x_wconf 84' lang='lat' dir='ltr'><strong>per</strong></span> <span class='ocrx_word' id='word_1_258' title='bbox 875 4061 1058 4111; x_wconf 79' lang='lat' dir='ltr'><strong>bonam</strong></span> <span class='ocrx_word' id='word_1_259' title='bbox 1081 4061 1299 4125; x_wconf 76' lang='lat' dir='ltr'><strong>gratiam</strong></span> <span class='ocrx_word' id='word_1_260' title='bbox 1314 4060 1403 4126; x_wconf 86' lang='lat' dir='ltr'><strong>jus</strong></span> <span class='ocrx_word' id='word_1_261' title='bbox 1424 4061 1494 4113; x_wconf 80' lang='lat' dir='ltr'><strong>sit</strong></span> 
     </span>
     <span class='ocr_line' id='line_1_50' title="bbox 435 4136 1492 4201; baseline -0.002 -11"><span class='ocrx_word' id='word_1_262' title='bbox 435 4136 731 4190; x_wconf 72' lang='lat' dir='ltr'><strong>dissentire.</strong></span> <span class='ocrx_word' id='word_1_263' title='bbox 766 4138 817 4187; x_wconf 88' lang='lat' dir='ltr'>N</span> <span class='ocrx_word' id='word_1_264' title='bbox 823 4151 920 4201; x_wconf 80' lang='lat' dir='ltr'><strong>ego</strong></span> <span class='ocrx_word' id='word_1_265' title='bbox 944 4138 1166 4188; x_wconf 76' lang='lat' dir='ltr'><strong>alterum</strong></span> <span class='ocrx_word' id='word_1_266' title='bbox 1185 4137 1315 4186; x_wconf 87' lang='lat' dir='ltr'><strong>illud</strong></span> <span class='ocrx_word' id='word_1_267' title='bbox 1334 4152 1492 4188; x_wconf 87' lang='lat' dir='ltr'><strong>mem-</strong></span> 
     </span>
    </p>
   </div>
   <div class='ocr_carea' id='block_1_6' title="bbox 1570 698 2675 4203">
    <p class='ocr_par' dir='ltr' id='par_1_9' title="bbox 1602 698 2660 844">
     <span class='ocr_line' id='line_1_51' title="bbox 1602 698 2660 768; baseline 0.002 -18"><span class='ocrx_word' id='word_1_268' title='bbox 1602 709 1707 751; x_wconf 84' lang='lat' dir='ltr'><strong>tem</strong></span> <span class='ocrx_word' id='word_1_269' title='bbox 1730 701 1996 766; x_wconf 75' lang='lat' dir='ltr'><strong>habendis,</strong></span> <span class='ocrx_word' id='word_1_270' title='bbox 2017 715 2230 768; x_wconf 72' lang='lat' dir='ltr'><strong>mquam</strong></span> <span class='ocrx_word' id='word_1_271' title='bbox 2262 699 2479 766; x_wconf 84' lang='lat' dir='ltr'><strong>reperiri</strong></span> <span class='ocrx_word' id='word_1_272' title='bbox 2510 698 2564 751; x_wconf 92' lang='lat' dir='ltr'><strong>in</strong></span> <span class='ocrx_word' id='word_1_273' title='bbox 2585 700 2660 755; x_wconf 79' lang='lat' dir='ltr'><strong>ie-</strong></span> 
     </span>
     <span class='ocr_line' id='line_1_52' title="bbox 1603 778 2496 844; baseline 0.005 -21"><span class='ocrx_word' id='word_1_274' title='bbox 1603 793 1723 842; x_wconf 81' lang='lat' dir='ltr'><strong>gnm</strong></span> <span class='ocrx_word' id='word_1_275' title='bbox 1745 778 1920 828; x_wconf 86' lang='lat' dir='ltr'><strong>libris:</strong></span> <span class='ocrx_word' id='word_1_276' title='bbox 1956 781 2037 829; x_wconf 88' lang='lat' dir='ltr'><strong>aio</strong></span> <span class='ocrx_word' id='word_1_277' title='bbox 2062 786 2244 830; x_wconf 87' lang='lat' dir='ltr'><strong>contra</strong></span> <span class='ocrx_word' id='word_1_278' title='bbox 2257 779 2346 844; x_wconf 87' lang='lat' dir='ltr'><strong>jus</strong></span> <span class='ocrx_word' id='word_1_279' title='bbox 2363 792 2496 828; x_wconf 78' lang='lat' dir='ltr'><strong>esse.</strong></span> 
     </span>
    </p>

    <p class='ocr_par' dir='ltr' id='par_1_10' title="bbox 1596 852 2675 1451">
     <span class='ocr_line' id='line_1_53' title="bbox 1665 852 2658 921; baseline 0.003 -20"><span class='ocrx_word' id='word_1_280' title='bbox 1665 852 1834 902; x_wconf 84' lang='lat' dir='ltr'><strong>Favor</strong></span> <span class='ocrx_word' id='word_1_281' title='bbox 1855 854 2115 904; x_wconf 76' lang='lat' dir='ltr'><strong>libertatis</strong></span> <span class='ocrx_word' id='word_1_282' title='bbox 2138 855 2396 921; x_wconf 78' lang='lat' dir='ltr'><strong>exposcit,</strong></span> <span class='ocrx_word' id='word_1_283' title='bbox 2416 861 2475 904; x_wconf 87' lang='lat' dir='ltr'><strong>ut</strong></span> <span class='ocrx_word' id='word_1_284' title='bbox 2498 854 2604 903; x_wconf 87' lang='lat' dir='ltr'><strong>nati</strong></span> <span class='ocrx_word' id='word_1_285' title='bbox 2625 869 2658 904; x_wconf 85' lang='lat' dir='ltr'><strong>e</strong></span> 
     </span>
     <span class='ocr_line' id='line_1_54' title="bbox 1598 927 2675 996; baseline 0.002 -18"><span class='ocrx_word' id='word_1_286' title='bbox 1598 927 1780 992; x_wconf 81' lang='lat' dir='ltr'><strong>libera,</strong></span> <span class='ocrx_word' id='word_1_287' title='bbox 1812 932 1918 980; x_wconf 83' lang='lat' dir='ltr'><strong>sint</strong></span> <span class='ocrx_word' id='word_1_288' title='bbox 1939 931 2116 982; x_wconf 78' lang='lat' dir='ltr'><strong>liberi:</strong></span> <span class='ocrx_word' id='word_1_289' title='bbox 2164 931 2393 996; x_wconf 79' lang='lat' dir='ltr'><strong>adeoque</strong></span> <span class='ocrx_word' id='word_1_290' title='bbox 2415 944 2675 994; x_wconf 53' lang='lat' dir='ltr'><strong>supervo-2</strong></span> 
     </span>
     <span class='ocr_line' id='line_1_55' title="bbox 1598 1005 2660 1071; baseline -0.001 -15"><span class='ocrx_word' id='word_1_291' title='bbox 1598 1006 1743 1057; x_wconf 82' lang='lat' dir='ltr'><strong>niens</strong></span> <span class='ocrx_word' id='word_1_292' title='bbox 1764 1008 2028 1057; x_wconf 84' lang='lat' dir='ltr'><strong>calamitas</strong></span> <span class='ocrx_word' id='word_1_293' title='bbox 2061 1007 2260 1070; x_wconf 87' lang='lat' dir='ltr'><strong>matris,</strong></span> <span class='ocrx_word' id='word_1_294' title='bbox 2292 1020 2480 1057; x_wconf 85' lang='lat' dir='ltr'><strong>nocere</strong></span> <span class='ocrx_word' id='word_1_295' title='bbox 2503 1005 2550 1054; x_wconf 91' lang='lat' dir='ltr'><strong>ei</strong></span> <span class='ocrx_word' id='word_1_296' title='bbox 2571 1005 2660 1071; x_wconf 87' lang='lat' dir='ltr'><strong>qui</strong></span> 
     </span>
     <span class='ocr_line' id='line_1_56' title="bbox 1596 1080 2659 1147; baseline 0.003 -19"><span class='ocrx_word' id='word_1_297' title='bbox 1596 1080 1650 1129; x_wconf 89' lang='lat' dir='ltr'><strong>in</strong></span> <span class='ocrx_word' id='word_1_298' title='bbox 1674 1087 1824 1131; x_wconf 86' lang='lat' dir='ltr'><strong>utero</strong></span> <span class='ocrx_word' id='word_1_299' title='bbox 1864 1089 1962 1145; x_wconf 75' lang='lat' dir='ltr'><strong>est,</strong></span> <span class='ocrx_word' id='word_1_300' title='bbox 1998 1094 2098 1132; x_wconf 86' lang='lat' dir='ltr'><strong>non</strong></span> <span class='ocrx_word' id='word_1_301' title='bbox 2128 1083 2310 1143; x_wconf 89' lang='lat' dir='ltr'><strong>debet,</strong></span> <span class='ocrx_word' id='word_1_302' title='bbox 2332 1089 2391 1131; x_wconf 85' lang='lat' dir='ltr'><strong>nt</strong></span> <span class='ocrx_word' id='word_1_303' title='bbox 2413 1080 2659 1147; x_wconf 82' lang='lat' dir='ltr'><strong>sufficiat,</strong></span> 
     </span>
     <span class='ocr_line' id='line_1_57' title="bbox 1598 1157 2659 1225; baseline 0.006 -20"><span class='ocrx_word' id='word_1_304' title='bbox 1598 1162 1816 1206; x_wconf 84' lang='lat' dir='ltr'><strong>matrem</strong></span> <span class='ocrx_word' id='word_1_305' title='bbox 1846 1158 2062 1207; x_wconf 78' lang='lat' dir='ltr'><strong>liberam</strong></span> <span class='ocrx_word' id='word_1_306' title='bbox 2096 1157 2182 1207; x_wconf 85' lang='lat' dir='ltr'><strong>vel</strong></span> <span class='ocrx_word' id='word_1_307' title='bbox 2214 1158 2384 1209; x_wconf 87' lang='lat' dir='ltr'><strong>medio</strong></span> <span class='ocrx_word' id='word_1_308' title='bbox 2422 1165 2659 1225; x_wconf 71' lang='lat' dir='ltr'><strong>tempore.</strong></span> 
     </span>
     <span class='ocr_line' id='line_1_58' title="bbox 1597 1232 2663 1298; baseline 0.001 -16"><span class='ocrx_word' id='word_1_309' title='bbox 1597 1232 1851 1285; x_wconf 87' lang='lat' dir='ltr'><strong>habuisse.</strong></span> <span class='ocrx_word' id='word_1_310' title='bbox 1875 1235 2071 1285; x_wconf 85' lang='lat' dir='ltr'><strong>Paulus</strong></span> <span class='ocrx_word' id='word_1_311' title='bbox 2111 1234 2197 1298; x_wconf 85' lang='lat' dir='ltr'><strong>lib.</strong></span> <span class='ocrx_word' id='word_1_312' title='bbox 2234 1248 2298 1285; x_wconf 85' lang='grc' dir='ltr'><strong>ιι.</strong></span> <span class='ocrx_word' id='word_1_313' title='bbox 2329 1233 2540 1286; x_wconf 77' lang='lat' dir='ltr'><strong>Senten.</strong></span> <span class='ocrx_word' id='word_1_314' title='bbox 2572 1235 2663 1287; x_wconf 84' lang='lat' dir='ltr'><strong>tit.</strong></span> 
     </span>
     <span class='ocr_line' id='line_1_59' title="bbox 1597 1296 2661 1361; baseline 0.003 -3"><span class='ocrx_word' id='word_1_315' title='bbox 1597 1312 1681 1358; x_wconf 83' lang='grc'><strong>24.</strong></span> <span class='ocrx_word' id='word_1_316' title='bbox 1721 1310 2019 1359; x_wconf 85' lang='lat' dir='ltr'><strong>Marcianus</strong></span> <span class='ocrx_word' id='word_1_317' title='bbox 2041 1311 2129 1360; x_wconf 91' lang='lat' dir='ltr'><strong>lib.</strong></span> <span class='ocrx_word' id='word_1_318' title='bbox 2156 1325 2206 1360; x_wconf 87' lang='lat' dir='ltr'><strong>v.</strong></span> <span class='ocrx_word' id='word_1_319' title='bbox 2243 1296 2310 1359; x_wconf 87' lang='lat' dir='ltr'><strong>de</strong></span> <span class='ocrx_word' id='word_1_320' title='bbox 2333 1316 2472 1361; x_wconf 79' lang='lat' dir='ltr'><strong>statu</strong></span> <span class='ocrx_word' id='word_1_321' title='bbox 2502 1309 2661 1361; x_wconf 80' lang='lat' dir='ltr'><strong>bomi-</strong></span> 
     </span>
     <span class='ocr_line' id='line_1_60' title="bbox 1598 1385 2595 1451; baseline -0.001 -16"><span class='ocrx_word' id='word_1_322' title='bbox 1598 1400 1740 1436; x_wconf 88' lang='grc' dir='ltr'><strong>ιιιιιιι.</strong></span> <span class='ocrx_word' id='word_1_323' title='bbox 1804 1387 2047 1451; x_wconf 82' lang='lat' dir='ltr'><strong>Quojure</strong></span> <span class='ocrx_word' id='word_1_324' title='bbox 2067 1400 2192 1450; x_wconf 82' lang='lat' dir='ltr'><strong>ergo</strong></span> <span class='ocrx_word' id='word_1_325' title='bbox 2214 1386 2348 1435; x_wconf 87' lang='lat' dir='ltr'><strong>servi</strong></span> <span class='ocrx_word' id='word_1_326' title='bbox 2371 1385 2494 1434; x_wconf 83' lang='lat' dir='ltr'><strong>isti?</strong></span> <span class='ocrx_word' id='word_1_327' title='bbox 2588 1412 2595 1417; x_wconf 69' lang='lat'>=</span> 
     </span>
    </p>

    <p class='ocr_par' dir='ltr' id='par_1_11' title="bbox 1588 1454 2664 2048">
     <span class='ocr_line' id='line_1_61' title="bbox 1663 1454 2664 1526; baseline 0 -16"><span class='ocrx_word' id='word_1_328' title='bbox 1663 1462 1983 1522; x_wconf 63' lang='lat' dir='ltr'><strong>,clementius</strong></span> <span class='ocrx_word' id='word_1_329' title='bbox 2016 1463 2247 1525; x_wconf 80' lang='lat' dir='ltr'><strong>vulgata</strong></span> <span class='ocrx_word' id='word_1_330' title='bbox 2267 1461 2426 1511; x_wconf 87' lang='lat' dir='ltr'><strong>lectio</strong></span> <span class='ocrx_word' id='word_1_331' title='bbox 2466 1454 2664 1526; x_wconf 78' lang='lat' dir='ltr'><strong>aiebat,</strong></span> 
     </span>
     <span class='ocr_line' id='line_1_62' title="bbox 1588 1538 2657 1601; baseline 0.001 -13"><span class='ocrx_word' id='word_1_332' title='bbox 1588 1554 1678 1601; x_wconf 82' lang='lat' dir='ltr'><strong>pro</strong></span> <span class='ocrx_word' id='word_1_333' title='bbox 1694 1539 1877 1588; x_wconf 74' lang='lat' dir='ltr'><strong>libertis</strong></span> <span class='ocrx_word' id='word_1_334' title='bbox 1894 1539 2173 1589; x_wconf 56' lang='lat' dir='ltr'><strong>haberentur</strong></span> <span class='ocrx_word' id='word_1_335' title='bbox 2186 1555 2204 1588; x_wconf 92' lang='lat'><strong>.·</strong></span> <span class='ocrx_word' id='word_1_336' title='bbox 2237 1538 2328 1589; x_wconf 85' lang='lat' dir='ltr'><strong>sed</strong></span> <span class='ocrx_word' id='word_1_337' title='bbox 2342 1552 2446 1588; x_wconf 89' lang='lat' dir='ltr'><strong>non</strong></span> <span class='ocrx_word' id='word_1_338' title='bbox 2464 1538 2657 1601; x_wconf 79' lang='lat' dir='ltr'><strong>veriqs.</strong></span> 
     </span>
     <span class='ocr_line' id='line_1_63' title="bbox 1595 1606 2655 1681; baseline 0 -16"><span class='ocrx_word' id='word_1_339' title='bbox 1595 1606 1863 1670; x_wconf 79' lang='lat' dir='ltr'><strong>Quomodo</strong></span> <span class='ocrx_word' id='word_1_340' title='bbox 1886 1617 2021 1666; x_wconf 89' lang='lat' dir='ltr'><strong>enim</strong></span> <span class='ocrx_word' id='word_1_341' title='bbox 2041 1617 2274 1678; x_wconf 82' lang='lat' dir='ltr'><strong>libertus,</strong></span> <span class='ocrx_word' id='word_1_342' title='bbox 2289 1615 2375 1681; x_wconf 88' lang='lat' dir='ltr'><strong>qni</strong></span> <span class='ocrx_word' id='word_1_343' title='bbox 2390 1629 2655 1681; x_wconf 85' lang='lat' dir='ltr'><strong>nunquam</strong></span> 
     </span>
     <span class='ocr_line' id='line_1_64' title="bbox 1595 1691 2661 1759; baseline 0.001 -17"><span class='ocrx_word' id='word_1_344' title='bbox 1595 1696 1806 1749; x_wconf 71' lang='lat' dir='ltr'><strong>servus?</strong></span> <span class='ocrx_word' id='word_1_345' title='bbox 1849 1693 2003 1744; x_wconf 85' lang='lat' dir='ltr'><strong>Adde</strong></span> <span class='ocrx_word' id='word_1_346' title='bbox 2026 1693 2161 1759; x_wconf 87' lang='lat' dir='ltr'><strong>quod</strong></span> <span class='ocrx_word' id='word_1_347' title='bbox 2204 1693 2258 1742; x_wconf 88' lang='lat' dir='ltr'><strong>in</strong></span> <span class='ocrx_word' id='word_1_348' title='bbox 2288 1691 2661 1756; x_wconf 76' lang='lat' dir='ltr'><strong>manuscriptis</strong></span> 
     </span>
     <span class='ocr_line' id='line_1_65' title="bbox 1593 1767 2655 1834; baseline -0.005 -16"><span class='ocrx_word' id='word_1_349' title='bbox 1593 1770 1867 1833; x_wconf 67' lang='lat' dir='ltr'><strong>vestigium</strong></span> <span class='ocrx_word' id='word_1_350' title='bbox 1889 1772 2085 1821; x_wconf 85' lang='lat' dir='ltr'><strong>nullum</strong></span> <span class='ocrx_word' id='word_1_351' title='bbox 2107 1770 2221 1834; x_wconf 86' lang='lat' dir='ltr'><strong>ejus</strong></span> <span class='ocrx_word' id='word_1_352' title='bbox 2242 1767 2477 1819; x_wconf 78' lang='lat' dir='ltr'><strong>membri.</strong></span> <span class='ocrx_word' id='word_1_353' title='bbox 2523 1769 2655 1818; x_wconf 66' lang='lat' dir='ltr'><strong>Ver·</strong></span> 
     </span>
     <span class='ocr_line' id='line_1_66' title="bbox 1593 1832 2652 1910; baseline -0.005 -16"><span class='ocrx_word' id='word_1_354' title='bbox 1593 1843 1711 1906; x_wconf 86' lang='lat' dir='ltr'><strong>ba,</strong></span> <span class='ocrx_word' id='word_1_355' title='bbox 1698 1859 1922 1910; x_wconf 80' lang='lat' dir='ltr'><strong>mquam,</strong></span> <span class='ocrx_word' id='word_1_356' title='bbox 1942 1860 2023 1907; x_wconf 85' lang='lat' dir='ltr'><strong>ea,</strong></span> <span class='ocrx_word' id='word_1_357' title='bbox 2053 1851 2101 1894; x_wconf 77' lang='lat' dir='ltr'><strong>et</strong></span> <span class='ocrx_word' id='word_1_358' title='bbox 2132 1844 2214 1908; x_wconf 78' lang='lat' dir='ltr'><strong>qui</strong></span> <span class='ocrx_word' id='word_1_359' title='bbox 2244 1845 2347 1893; x_wconf 72' lang='lat' dir='ltr'><strong>nati</strong></span> <span class='ocrx_word' id='word_1_360' title='bbox 2367 1846 2537 1908; x_wconf 73' lang='lat' dir='ltr'><strong>essent,</strong></span> <span class='ocrx_word' id='word_1_361' title='bbox 2561 1832 2652 1894; x_wconf 51' lang='lat' dir='ltr'><strong>abs</strong></span> 
     </span>
     <span class='ocr_line' id='line_1_67' title="bbox 1590 1919 2653 1985; baseline -0.001 -16"><span class='ocrx_word' id='word_1_362' title='bbox 1590 1927 1712 1971; x_wconf 87' lang='lat' dir='ltr'><strong>sunt</strong></span> <span class='ocrx_word' id='word_1_363' title='bbox 1750 1920 2114 1985; x_wconf 78' lang='lat' dir='ltr'><strong>manuscriptis</strong></span> <span class='ocrx_word' id='word_1_364' title='bbox 2175 1919 2465 1985; x_wconf 85' lang='lat' dir='ltr'><strong>omnibus,</strong></span> <span class='ocrx_word' id='word_1_365' title='bbox 2487 1919 2653 1975; x_wconf 72' lang='lat' dir='ltr'><strong>etiam</strong></span> 
     </span>
     <span class='ocr_line' id='line_1_68' title="bbox 1589 1996 2411 2048; baseline 0 -3"><span class='ocrx_word' id='word_1_366' title='bbox 1589 1996 1834 2048; x_wconf 87' lang='lat' dir='ltr'><strong>Budensi.</strong></span> <span class='ocrx_word' id='word_1_367' title='bbox 2405 2028 2411 2032; x_wconf 96' lang='lat'>-</span> 
     </span>
    </p>

    <p class='ocr_par' dir='ltr' id='par_1_12' title="bbox 1583 2068 2654 2370">
     <span class='ocr_line' id='line_1_69' title="bbox 1654 2068 2647 2139; baseline 0.001 -15"><span class='ocrx_word' id='word_1_368' title='bbox 1654 2074 1731 2124; x_wconf 91' lang='lat' dir='ltr'><strong>Ut</strong></span> <span class='ocrx_word' id='word_1_369' title='bbox 1752 2073 1874 2124; x_wconf 84' lang='lat' dir='ltr'><strong>mihi</strong></span> <span class='ocrx_word' id='word_1_370' title='bbox 1897 2072 2106 2139; x_wconf 90' lang='lat' dir='ltr'><strong>quidem</strong></span> <span class='ocrx_word' id='word_1_371' title='bbox 2128 2071 2429 2127; x_wconf 87' lang='lat' dir='ltr'><strong>Farnesiani</strong></span> <span class='ocrx_word' id='word_1_372' title='bbox 2451 2068 2647 2125; x_wconf 76' lang='lat' dir='ltr'><strong>codicis</strong></span> 
     </span>
     <span class='ocr_line' id='line_1_70' title="bbox 1589 2149 2646 2212; baseline 0.001 -15"><span class='ocrx_word' id='word_1_373' title='bbox 1589 2149 1849 2212; x_wconf 89' lang='lat' dir='ltr'><strong>scriptura</strong></span> <span class='ocrx_word' id='word_1_374' title='bbox 1886 2156 2032 2200; x_wconf 86' lang='lat' dir='ltr'><strong>certa</strong></span> <span class='ocrx_word' id='word_1_375' title='bbox 2051 2151 2147 2201; x_wconf 83' lang='lat' dir='ltr'><strong>sit:</strong></span> <span class='ocrx_word' id='word_1_376' title='bbox 2198 2156 2252 2200; x_wconf 82' lang='lat' dir='ltr'><strong>ut</strong></span> <span class='ocrx_word' id='word_1_377' title='bbox 2273 2151 2443 2212; x_wconf 67' lang='lat' dir='ltr'><strong>ignaro</strong></span> <span class='ocrx_word' id='word_1_378' title='bbox 2463 2149 2646 2201; x_wconf 77' lang='lat' dir='ltr'><strong>domino</strong></span> 
     </span>
     <span class='ocr_line' id='line_1_71' title="bbox 1586 2225 2647 2291; baseline 0.004 -14"><span class='ocrx_word' id='word_1_379' title='bbox 1586 2228 1649 2277; x_wconf 80' lang='lat' dir='ltr'><strong>ad</strong></span> <span class='ocrx_word' id='word_1_380' title='bbox 1670 2226 1722 2274; x_wconf 82' lang='lat' dir='ltr'><strong>id</strong></span> <span class='ocrx_word' id='word_1_381' title='bbox 1739 2227 1978 2291; x_wconf 78' lang='lat' dir='ltr'><strong>prolapsa,</strong></span> <span class='ocrx_word' id='word_1_382' title='bbox 2008 2226 2062 2278; x_wconf 81' lang='lat' dir='ltr'><strong>in</strong></span> <span class='ocrx_word' id='word_1_383' title='bbox 2082 2228 2336 2279; x_wconf 75' lang='lat' dir='ltr'><strong>servitute:</strong></span> <span class='ocrx_word' id='word_1_384' title='bbox 2386 2225 2433 2275; x_wconf 74' lang='lat' dir='ltr'><strong>ei</strong></span> <span class='ocrx_word' id='word_1_385' title='bbox 2461 2239 2647 2281; x_wconf 70' lang='lat' dir='ltr'><strong>consen-</strong></span> 
     </span>
     <span class='ocr_line' id='line_1_72' title="bbox 1583 2303 2654 2370; baseline 0.007 -20"><span class='ocrx_word' id='word_1_386' title='bbox 1583 2303 1736 2366; x_wconf 81' lang='lat' dir='ltr'><strong>sisset,</strong></span> <span class='ocrx_word' id='word_1_387' title='bbox 1767 2319 1855 2367; x_wconf 82' lang='lat' dir='ltr'><strong>pro</strong></span> <span class='ocrx_word' id='word_1_388' title='bbox 1891 2305 2062 2357; x_wconf 74' lang='lat' dir='ltr'><strong>liberta</strong></span> <span class='ocrx_word' id='word_1_389' title='bbox 2099 2305 2378 2354; x_wconf 68' lang='lat' dir='ltr'><strong>haberetur.-</strong></span> <span class='ocrx_word' id='word_1_390' title='bbox 2428 2304 2654 2370; x_wconf 50' lang='lat' dir='ltr'><strong>optime,</strong></span> 
     </span>
    </p>

    <p class='ocr_par' dir='ltr' id='par_1_13' title="bbox 1579 2380 2653 3286">
     <span class='ocr_line' id='line_1_73' title="bbox 1651 2380 2653 2449; baseline 0.005 -21"><span class='ocrx_word' id='word_1_391' title='bbox 1651 2380 1867 2444; x_wconf 80' lang='lat' dir='ltr'><strong>Duplex</strong></span> <span class='ocrx_word' id='word_1_392' title='bbox 1896 2380 2145 2431; x_wconf 85' lang='lat' dir='ltr'><strong>videlicet</strong></span> <span class='ocrx_word' id='word_1_393' title='bbox 2178 2381 2290 2445; x_wconf 81' lang='lat' dir='ltr'><strong>ejus</strong></span> <span class='ocrx_word' id='word_1_394' title='bbox 2312 2382 2653 2449; x_wconf 51' lang='lat' dir='ltr'><strong>Senatusconf</strong></span> 
     </span>
     <span class='ocr_line' id='line_1_74' title="bbox 1585 2456 2647 2524; baseline 0 -17"><span class='ocrx_word' id='word_1_395' title='bbox 1585 2456 1710 2524; x_wconf 83' lang='lat' dir='ltr'><strong>sulti</strong></span> <span class='ocrx_word' id='word_1_396' title='bbox 1752 2456 2054 2518; x_wconf 83' lang='lat' dir='ltr'><strong>membrum,</strong></span> <span class='ocrx_word' id='word_1_397' title='bbox 2084 2456 2136 2507; x_wconf 89' lang='lat' dir='ltr'><strong>in</strong></span> <span class='ocrx_word' id='word_1_398' title='bbox 2177 2473 2264 2508; x_wconf 81' lang='lat' dir='ltr'><strong>eas</strong></span> <span class='ocrx_word' id='word_1_399' title='bbox 2297 2472 2411 2523; x_wconf 76' lang='lat' dir='ltr'><strong>quae</strong></span> <span class='ocrx_word' id='word_1_400' title='bbox 2444 2456 2647 2520; x_wconf 82' lang='lat' dir='ltr'><strong>ignaro,</strong></span> 
     </span>
     <span class='ocr_line' id='line_1_75' title="bbox 1585 2525 2643 2598; baseline 0 -16"><span class='ocrx_word' id='word_1_401' title='bbox 1585 2548 1800 2598; x_wconf 85' lang='lat' dir='ltr'><strong>qnaeque</strong></span> <span class='ocrx_word' id='word_1_402' title='bbox 1824 2533 2020 2584; x_wconf 75' lang='lat' dir='ltr'><strong>sciente</strong></span> <span class='ocrx_word' id='word_1_403' title='bbox 2045 2533 2274 2595; x_wconf 89' lang='lat' dir='ltr'><strong>domino,</strong></span> <span class='ocrx_word' id='word_1_404' title='bbox 2295 2540 2569 2598; x_wconf 74' lang='lat' dir='ltr'><strong>peccatum</strong></span> <span class='ocrx_word' id='word_1_405' title='bbox 2585 2525 2643 2592; x_wconf 71' lang='lat' dir='ltr'><strong>id</strong></span> 
     </span>
     <span class='ocr_line' id='line_1_76' title="bbox 1585 2610 2646 2677; baseline 0.002 -18"><span class='ocrx_word' id='word_1_406' title='bbox 1585 2616 1906 2674; x_wconf 74' lang='lat' dir='ltr'><strong>peccassent.</strong></span> <span class='ocrx_word' id='word_1_407' title='bbox 1974 2613 2043 2661; x_wconf 92' lang='lat' dir='ltr'><strong>Et</strong></span> <span class='ocrx_word' id='word_1_408' title='bbox 2063 2612 2106 2662; x_wconf 87' lang='lat' dir='ltr'><strong>si</strong></span> <span class='ocrx_word' id='word_1_409' title='bbox 2127 2611 2334 2677; x_wconf 85' lang='lat' dir='ltr'><strong>quidem</strong></span> <span class='ocrx_word' id='word_1_410' title='bbox 2357 2610 2556 2675; x_wconf 77' lang='lat' dir='ltr'><strong>ignaro,</strong></span> <span class='ocrx_word' id='word_1_411' title='bbox 2568 2610 2646 2661; x_wconf 82' lang='lat' dir='ltr'><strong>ait</strong></span> 
     </span>
     <span class='ocr_line' id='line_1_77' title="bbox 1580 2686 2640 2750; baseline -0.001 -14"><span class='ocrx_word' id='word_1_412' title='bbox 1580 2688 1687 2750; x_wconf 83' lang='lat' dir='ltr'><strong>lex,</strong></span> <span class='ocrx_word' id='word_1_413' title='bbox 1720 2689 1869 2738; x_wconf 49' lang='lat' dir='ltr'><strong>sema</strong></span> <span class='ocrx_word' id='word_1_414' title='bbox 1903 2693 2045 2740; x_wconf 83' lang='lat' dir='ltr'><strong>esto:</strong></span> <span class='ocrx_word' id='word_1_415' title='bbox 2104 2689 2184 2738; x_wconf 82' lang='lat' dir='ltr'><strong>sin</strong></span> <span class='ocrx_word' id='word_1_416' title='bbox 2221 2688 2445 2750; x_wconf 87' lang='lat' dir='ltr'><strong>volente,</strong></span> <span class='ocrx_word' id='word_1_417' title='bbox 2482 2686 2640 2738; x_wconf 81' lang='lat' dir='ltr'><strong>habe·</strong></span> 
     </span>
     <span class='ocr_line' id='line_1_78' title="bbox 1581 2762 2642 2827; baseline 0.003 -15"><span class='ocrx_word' id='word_1_418' title='bbox 1581 2769 1667 2813; x_wconf 86' lang='lat' dir='ltr'><strong>tor</strong></span> <span class='ocrx_word' id='word_1_419' title='bbox 1690 2779 1783 2827; x_wconf 85' lang='lat' dir='ltr'><strong>pro</strong></span> <span class='ocrx_word' id='word_1_420' title='bbox 1820 2763 2026 2813; x_wconf 89' lang='lat' dir='ltr'><strong>liberta.</strong></span> <span class='ocrx_word' id='word_1_421' title='bbox 2091 2763 2318 2814; x_wconf 87' lang='lat' dir='ltr'><strong>Omnino</strong></span> <span class='ocrx_word' id='word_1_422' title='bbox 2361 2762 2498 2814; x_wconf 82' lang='lat' dir='ltr'><strong>enim</strong></span> <span class='ocrx_word' id='word_1_423' title='bbox 2522 2776 2642 2827; x_wconf 77' lang='lat' dir='ltr'><strong>pro·</strong></span> 
     </span>
     <span class='ocr_line' id='line_1_79' title="bbox 1584 2838 2638 2903; baseline -0.003 -14"><span class='ocrx_word' id='word_1_424' title='bbox 1584 2839 1803 2902; x_wconf 84' lang='lat' dir='ltr'><strong>positum</strong></span> <span class='ocrx_word' id='word_1_425' title='bbox 1840 2838 2141 2903; x_wconf 83' lang='lat' dir='ltr'><strong>legislatori,</strong></span> <span class='ocrx_word' id='word_1_426' title='bbox 2173 2849 2205 2887; x_wconf 85' lang='lat' dir='ltr'><strong>a</strong></span> <span class='ocrx_word' id='word_1_427' title='bbox 2242 2838 2419 2889; x_wconf 84' lang='lat' dir='ltr'><strong>servili</strong></span> <span class='ocrx_word' id='word_1_428' title='bbox 2458 2842 2638 2887; x_wconf 87' lang='lat' dir='ltr'><strong>contu-</strong></span> 
     </span>
     <span class='ocr_line' id='line_1_80' title="bbox 1583 2915 2643 2968; baseline -0.001 -4"><span class='ocrx_word' id='word_1_429' title='bbox 1583 2915 1765 2966; x_wconf 82' lang='lat' dir='ltr'><strong>bernio</strong></span> <span class='ocrx_word' id='word_1_430' title='bbox 1786 2915 2044 2966; x_wconf 80' lang='lat' dir='ltr'><strong>abstinere</strong></span> <span class='ocrx_word' id='word_1_431' title='bbox 2065 2915 2319 2966; x_wconf 85' lang='lat' dir='ltr'><strong>lubricum</strong></span> <span class='ocrx_word' id='word_1_432' title='bbox 2341 2928 2516 2964; x_wconf 79' lang='lat' dir='ltr'><strong>sexum</strong></span> <span class='ocrx_word' id='word_1_433' title='bbox 2534 2925 2561 2968; x_wconf 70' lang='grc' dir='ltr'><strong>τ,</strong></span> <span class='ocrx_word' id='word_1_434' title='bbox 2583 2916 2643 2966; x_wconf 85' lang='lat' dir='ltr'><strong>et</strong></span> 
     </span>
     <span class='ocr_line' id='line_1_81' title="bbox 1581 2988 2643 3053; baseline 0.001 -12"><span class='ocrx_word' id='word_1_435' title='bbox 1581 2990 1690 3041; x_wconf 82' lang='lat' dir='ltr'><strong>sive</strong></span> <span class='ocrx_word' id='word_1_436' title='bbox 1728 2990 1947 3053; x_wconf 78' lang='lat' dir='ltr'><strong>sciente,</strong></span> <span class='ocrx_word' id='word_1_437' title='bbox 1985 2989 2092 3040; x_wconf 82' lang='lat' dir='ltr'><strong>sive</strong></span> <span class='ocrx_word' id='word_1_438' title='bbox 2128 2989 2296 3039; x_wconf 86' lang='lat' dir='ltr'><strong>inscio</strong></span> <span class='ocrx_word' id='word_1_439' title='bbox 2327 2988 2534 3040; x_wconf 89' lang='lat' dir='ltr'><strong>domino</strong></span> <span class='ocrx_word' id='word_1_440' title='bbox 2578 3001 2643 3042; x_wconf 77' lang='lat' dir='ltr'><strong>ea</strong></span> 
     </span>
     <span class='ocr_line' id='line_1_82' title="bbox 1579 3064 2643 3132; baseline 0.003 -17"><span class='ocrx_word' id='word_1_441' title='bbox 1579 3066 1783 3132; x_wconf 87' lang='lat' dir='ltr'><strong>mixtio,</strong></span> <span class='ocrx_word' id='word_1_442' title='bbox 1805 3067 1976 3132; x_wconf 80' lang='lat' dir='ltr'><strong>posuit</strong></span> <span class='ocrx_word' id='word_1_443' title='bbox 1995 3080 2215 3131; x_wconf 82' lang='lat' dir='ltr'><strong>poenam.</strong></span> <span class='ocrx_word' id='word_1_444' title='bbox 2248 3066 2350 3118; x_wconf 89' lang='lat' dir='ltr'><strong>Sed</strong></span> <span class='ocrx_word' id='word_1_445' title='bbox 2373 3064 2643 3131; x_wconf 70' lang='grc' dir='ltr'><strong>ἀναλόγως,</strong></span> 
     </span>
     <span class='ocr_line' id='line_1_83' title="bbox 1581 3143 2641 3209; baseline 0.002 -15"><span class='ocrx_word' id='word_1_446' title='bbox 1581 3150 1639 3194; x_wconf 90' lang='lat' dir='ltr'><strong>et</strong></span> <span class='ocrx_word' id='word_1_447' title='bbox 1660 3157 1756 3208; x_wconf 86' lang='lat' dir='ltr'><strong>pro</strong></span> <span class='ocrx_word' id='word_1_448' title='bbox 1791 3145 1954 3208; x_wconf 80' lang='lat' dir='ltr'><strong>gradu</strong></span> <span class='ocrx_word' id='word_1_449' title='bbox 1989 3159 2139 3196; x_wconf 79' lang='lat' dir='ltr'><strong>noxae</strong></span> <span class='ocrx_word' id='word_1_450' title='bbox 2174 3143 2525 3209; x_wconf 79' lang='lat' dir='ltr'><strong>intentiorem,</strong></span> <span class='ocrx_word' id='word_1_451' title='bbox 2561 3158 2641 3196; x_wconf 89' lang='lat' dir='ltr'><strong>re-</strong></span> 
     </span>
     <span class='ocr_line' id='line_1_84' title="bbox 1580 3219 1981 3309; baseline -0.003 -39"><span class='ocrx_word' id='word_1_452' title='bbox 1580 3219 1981 3309; x_wconf 80' lang='lat' dir='ltr'><strong>missioremque.</strong></span> 
     </span>
    </p>

    <p class='ocr_par' dir='ltr' id='par_1_14' title="bbox 1594 3294 2651 3363">
     <span class='ocr_line' id='line_1_85' title="bbox 1594 3294 2651 3363; baseline 0 -15"><span class='ocrx_word' id='word_1_453' title='bbox 1594 3342 1599 3348; x_wconf 92' lang='lat'><strong>.</strong></span> <span class='ocrx_word' id='word_1_454' title='bbox 1647 3295 1750 3344; x_wconf 82' lang='lat' dir='ltr'><strong>Sed</strong></span> <span class='ocrx_word' id='word_1_455' title='bbox 1773 3296 1856 3346; x_wconf 86' lang='lat' dir='ltr'><strong>eni</strong></span> <span class='ocrx_word' id='word_1_456' title='bbox 1891 3295 1986 3360; x_wconf 86' lang='lat' dir='ltr'><strong>rei,</strong></span> <span class='ocrx_word' id='word_1_457' title='bbox 2016 3296 2233 3363; x_wconf 80' lang='lat' dir='ltr'><strong>inquies,</strong></span> <span class='ocrx_word' id='word_1_458' title='bbox 2268 3294 2427 3348; x_wconf 85' lang='lat' dir='ltr'><strong>fuerit</strong></span> <span class='ocrx_word' id='word_1_459' title='bbox 2455 3311 2552 3361; x_wconf 86' lang='lat' dir='ltr'><strong>pro</strong></span> <span class='ocrx_word' id='word_1_460' title='bbox 2578 3294 2651 3352; x_wconf 88' lang='lat' dir='ltr'><strong>li·</strong></span> 
     </span>
    </p>

    <p class='ocr_par' dir='ltr' id='par_1_15' title="bbox 1575 3370 2648 3882">
     <span class='ocr_line' id='line_1_86' title="bbox 1581 3370 2638 3436; baseline 0.001 -15"><span class='ocrx_word' id='word_1_461' title='bbox 1581 3370 1763 3421; x_wconf 82' lang='lat' dir='ltr'><strong>berta?</strong></span> <span class='ocrx_word' id='word_1_462' title='bbox 1793 3371 1914 3423; x_wconf 80' lang='lat' dir='ltr'><strong>huic</strong></span> <span class='ocrx_word' id='word_1_463' title='bbox 1932 3386 2138 3435; x_wconf 86' lang='lat' dir='ltr'><strong>nempe,</strong></span> <span class='ocrx_word' id='word_1_464' title='bbox 2160 3378 2218 3421; x_wconf 85' lang='lat' dir='ltr'><strong>ut</strong></span> <span class='ocrx_word' id='word_1_465' title='bbox 2239 3372 2444 3426; x_wconf 83' lang='lat' dir='ltr'><strong>vinculo</strong></span> <span class='ocrx_word' id='word_1_466' title='bbox 2468 3372 2638 3436; x_wconf 84' lang='lat' dir='ltr'><strong>aliquo</strong></span> 
     </span>
     <span class='ocr_line' id='line_1_87' title="bbox 1583 3439 2645 3511; baseline -0.002 -14"><span class='ocrx_word' id='word_1_467' title='bbox 1583 3452 1826 3497; x_wconf 84' lang='lat' dir='ltr'><strong>teneatur</strong></span> <span class='ocrx_word' id='word_1_468' title='bbox 1849 3446 2236 3511; x_wconf 82' lang='lat' dir='ltr'><strong>domino-servi,</strong></span> <span class='ocrx_word' id='word_1_469' title='bbox 2270 3448 2337 3500; x_wconf 85' lang='lat' dir='ltr'><strong>ad</strong></span> <span class='ocrx_word' id='word_1_470' title='bbox 2373 3459 2558 3510; x_wconf 79' lang='lat' dir='ltr'><strong>operas</strong></span> <span class='ocrx_word' id='word_1_471' title='bbox 2576 3439 2645 3495; x_wconf 88' lang='lat' dir='ltr'><strong>li-</strong></span> 
     </span>
     <span class='ocr_line' id='line_1_88' title="bbox 1578 3522 2648 3589; baseline -0.001 -14"><span class='ocrx_word' id='word_1_472' title='bbox 1578 3525 1841 3575; x_wconf 85' lang='lat' dir='ltr'><strong>bertorum</strong></span> <span class='ocrx_word' id='word_1_473' title='bbox 1882 3524 2086 3589; x_wconf 86' lang='lat' dir='ltr'><strong>aliaque</strong></span> <span class='ocrx_word' id='word_1_474' title='bbox 2121 3524 2231 3587; x_wconf 76' lang='lat' dir='ltr'><strong>ejus</strong></span> <span class='ocrx_word' id='word_1_475' title='bbox 2275 3522 2472 3574; x_wconf 83' lang='lat' dir='ltr'><strong>ordinis</strong></span> <span class='ocrx_word' id='word_1_476' title='bbox 2507 3536 2648 3587; x_wconf 65' lang='lat' dir='ltr'><strong>prate„</strong></span> 
     </span>
     <span class='ocr_line' id='line_1_89' title="bbox 1575 3598 2634 3659; baseline -0.001 -8"><span class='ocrx_word' id='word_1_477' title='bbox 1575 3600 1776 3652; x_wconf 70' lang='lat' dir='ltr'><strong>stands.</strong></span> <span class='ocrx_word' id='word_1_478' title='bbox 1830 3601 1929 3653; x_wconf 82' lang='lat' dir='ltr'><strong>Jus</strong></span> <span class='ocrx_word' id='word_1_479' title='bbox 1950 3601 2077 3652; x_wconf 88' lang='lat' dir='ltr'><strong>item</strong></span> <span class='ocrx_word' id='word_1_480' title='bbox 2106 3600 2311 3652; x_wconf 84' lang='lat' dir='ltr'><strong>domino</strong></span> <span class='ocrx_word' id='word_1_481' title='bbox 2333 3600 2388 3650; x_wconf 89' lang='lat' dir='ltr'><strong>in</strong></span> <span class='ocrx_word' id='word_1_482' title='bbox 2410 3598 2634 3659; x_wconf 72' lang='lat' dir='ltr'><strong>foeminm</strong></span> 
     </span>
     <span class='ocr_line' id='line_1_90' title="bbox 1575 3671 2641 3742; baseline 0 -14"><span class='ocrx_word' id='word_1_483' title='bbox 1575 3677 1757 3728; x_wconf 80' lang='lat' dir='ltr'><strong>bonis:</strong></span> <span class='ocrx_word' id='word_1_484' title='bbox 1790 3684 1845 3726; x_wconf 88' lang='lat' dir='ltr'><strong>et</strong></span> <span class='ocrx_word' id='word_1_485' title='bbox 1860 3676 2103 3742; x_wconf 87' lang='lat' dir='ltr'><strong>quicquid</strong></span> <span class='ocrx_word' id='word_1_486' title='bbox 2118 3677 2168 3727; x_wconf 88' lang='lat' dir='ltr'><strong>in</strong></span> <span class='ocrx_word' id='word_1_487' title='bbox 2189 3691 2361 3728; x_wconf 84' lang='lat' dir='ltr'><strong>veram</strong></span> <span class='ocrx_word' id='word_1_488' title='bbox 2378 3671 2641 3740; x_wconf 73' lang='lat' dir='ltr'><strong>libertam.</strong></span> 
     </span>
     <span class='ocr_line' id='line_1_91' title="bbox 1575 3753 2635 3818; baseline 0.001 -13"><span class='ocrx_word' id='word_1_489' title='bbox 1575 3754 1677 3805; x_wconf 89' lang='lat' dir='ltr'><strong>Sed</strong></span> <span class='ocrx_word' id='word_1_490' title='bbox 1699 3760 1863 3818; x_wconf 88' lang='lat' dir='ltr'><strong>recte,</strong></span> <span class='ocrx_word' id='word_1_491' title='bbox 1891 3769 1982 3817; x_wconf 80' lang='lat' dir='ltr'><strong>pro</strong></span> <span class='ocrx_word' id='word_1_492' title='bbox 2015 3754 2219 3805; x_wconf 77' lang='lat' dir='ltr'><strong>liberta:</strong></span> <span class='ocrx_word' id='word_1_493' title='bbox 2272 3769 2375 3804; x_wconf 89' lang='lat' dir='ltr'><strong>non</strong></span> <span class='ocrx_word' id='word_1_494' title='bbox 2413 3754 2551 3806; x_wconf 88' lang='lat' dir='ltr'><strong>enim</strong></span> <span class='ocrx_word' id='word_1_495' title='bbox 2572 3753 2635 3806; x_wconf 71' lang='lat' dir='ltr'><strong>lit·</strong></span> 
     </span>
     <span class='ocr_line' id='line_1_92' title="bbox 1575 3830 1891 3882; baseline 0.003 -1"><span class='ocrx_word' id='word_1_496' title='bbox 1575 3830 1726 3881; x_wconf 81' lang='lat' dir='ltr'><strong>berta</strong></span> <span class='ocrx_word' id='word_1_497' title='bbox 1750 3845 1891 3882; x_wconf 80' lang='lat' dir='ltr'><strong>vere·</strong></span> 
     </span>
    </p>

    <p class='ocr_par' dir='ltr' id='par_1_16' title="bbox 1570 3906 2639 4203">
     <span class='ocr_line' id='line_1_93' title="bbox 1640 3906 2639 3971; baseline 0.002 -15"><span class='ocrx_word' id='word_1_498' title='bbox 1640 3906 1848 3956; x_wconf 86' lang='lat' dir='ltr'><strong>Retulit</strong></span> <span class='ocrx_word' id='word_1_499' title='bbox 1879 3906 2021 3955; x_wconf 81' lang='lat' dir='ltr'><strong>hoc</strong></span> <span class='ocrx_word' id='word_1_500' title='bbox 2007 3922 2176 3970; x_wconf 74' lang='lat' dir='ltr'><strong>ipsum</strong></span> <span class='ocrx_word' id='word_1_501' title='bbox 2207 3906 2477 3958; x_wconf 82' lang='lat' dir='ltr'><strong>decretum</strong></span> <span class='ocrx_word' id='word_1_502' title='bbox 2515 3920 2639 3971; x_wconf 56' lang='lat' dir='ltr'><strong>poss</strong></span> 
     </span>
     <span class='ocr_line' id='line_1_94' title="bbox 1575 3983 2636 4051; baseline -0.003 -16"><span class='ocrx_word' id='word_1_503' title='bbox 1575 3989 1678 4046; x_wconf 78' lang='lat' dir='ltr'><strong>ten,</strong></span> <span class='ocrx_word' id='word_1_504' title='bbox 1707 3983 1909 4051; x_wconf 77' lang='lat' dir='ltr'><strong>(credo,</strong></span> <span class='ocrx_word' id='word_1_505' title='bbox 1928 3984 2049 4049; x_wconf 82' lang='lat' dir='ltr'><strong>quia</strong></span> <span class='ocrx_word' id='word_1_506' title='bbox 2080 3985 2399 4046; x_wconf 77' lang='lat' dir='ltr'><strong>exoleverat,</strong></span> <span class='ocrx_word' id='word_1_507' title='bbox 2420 3983 2636 4038; x_wconf 76' lang='lat' dir='ltr'><strong>licentia</strong></span> 
     </span>
     <span class='ocr_line' id='line_1_95' title="bbox 1571 4051 2637 4126; baseline 0.001 -15"><span class='ocrx_word' id='word_1_508' title='bbox 1571 4067 1864 4125; x_wconf 79' lang='lat' dir='ltr'><strong>temporum</strong></span> <span class='ocrx_word' id='word_1_509' title='bbox 1928 4066 1986 4110; x_wconf 88' lang='lat' dir='ltr'><strong>et</strong></span> <span class='ocrx_word' id='word_1_510' title='bbox 2048 4060 2227 4122; x_wconf 87' lang='lat' dir='ltr'><strong>inusu)</strong></span> <span class='ocrx_word' id='word_1_511' title='bbox 2284 4051 2637 4126; x_wconf 66' lang='lat' dir='ltr'><strong>Vespasianus</strong></span> 
     </span>
     <span class='ocr_line' id='line_1_96' title="bbox 1570 4132 2632 4203; baseline -0.005 -15"><span class='ocrx_word' id='word_1_512' title='bbox 1570 4138 1832 4203; x_wconf 76' lang='lat' dir='ltr'><strong>princeps,</strong></span> <span class='ocrx_word' id='word_1_513' title='bbox 1865 4135 1932 4188; x_wconf 86' lang='lat' dir='ltr'><strong>de</strong></span> <span class='ocrx_word' id='word_1_514' title='bbox 1967 4150 2083 4201; x_wconf 81' lang='lat' dir='ltr'><strong>qno</strong></span> <span class='ocrx_word' id='word_1_515' title='bbox 2110 4137 2323 4191; x_wconf 75' lang='lat' dir='ltr'><strong>Sueten.</strong></span> <span class='ocrx_word' id='word_1_516' title='bbox 2387 4136 2403 4164; x_wconf 78' lang='lat'>⁴</span> <span class='ocrx_word' id='word_1_517' title='bbox 2427 4132 2632 4192; x_wconf 77' lang='lat' dir='ltr'><strong>Auetor</strong></span> 
     </span>
    </p>
   </div>
   <div class='ocr_carea' id='block_1_7' title="bbox 435 4211 2637 4287">
    <p class='ocr_par' dir='ltr' id='par_1_17' title="bbox 435 4211 2637 4287">
     <span class='ocr_line' id='line_1_97' title="bbox 435 4211 2637 4287; baseline -0.001 -21"><span class='ocrx_word' id='word_1_518' title='bbox 435 4212 606 4281; x_wconf 69' lang='lat' dir='ltr'><strong>hrum,</strong></span> <span class='ocrx_word' id='word_1_519' title='bbox 625 4213 693 4267; x_wconf 71' lang='lat' dir='ltr'><strong>de</strong></span> <span class='ocrx_word' id='word_1_520' title='bbox 716 4213 850 4280; x_wconf 75' lang='lat' dir='ltr'><strong>natis</strong></span> <span class='ocrx_word' id='word_1_521' title='bbox 869 4223 1024 4264; x_wconf 74' lang='lat' dir='ltr'><strong>exeo</strong></span> <span class='ocrx_word' id='word_1_522' title='bbox 1044 4212 1262 4287; x_wconf 34' lang='lat' dir='ltr'><strong>centn-in</strong></span> <span class='ocrx_word' id='word_1_523' title='bbox 1276 4213 1492 4264; x_wconf 71' lang='lat' dir='ltr'><strong>servitu-</strong></span> <span class='ocrx_word' id='word_1_524' title='bbox 1562 4214 1776 4265; x_wconf 67' lang='lat' dir='ltr'><strong>senatui</strong></span> <span class='ocrx_word' id='word_1_525' title='bbox 1807 4211 1909 4264; x_wconf 78' lang='lat' dir='ltr'><strong>fnit</strong></span> <span class='ocrx_word' id='word_1_526' title='bbox 1947 4212 2279 4279; x_wconf 81' lang='lat' dir='ltr'><strong>decernendi,</strong></span> <span class='ocrx_word' id='word_1_527' title='bbox 2318 4218 2393 4270; x_wconf 72' lang='lat' dir='ltr'><strong>st.</strong></span> <span class='ocrx_word' id='word_1_528' title='bbox 2418 4225 2537 4279; x_wconf 56' lang='grc' dir='ltr'><strong>«με</strong></span> <span class='ocrx_word' id='word_1_529' title='bbox 2571 4220 2637 4282; x_wconf 53' lang='grc' dir='ltr'><strong>ες</strong></span> 
     </span>
    </p>
   </div>
  </div>
 </body>
</html>
