3100 4925
2413 396 2590 466 11⁶⁸

400 551 727 631 cunctis,m
756 549 967 636 quod
981 570 1199 634 poenoe
1229 552 1853 636 procurationesque
1876 552 2107 618 incesti
2133 552 2204 617 id
2237 555 2589 637 temporis¹²

395 652 908 737 exquirerentur.
994 652 1088 717 At
1114 651 1504 737 Agrippina,
1521 673 1620 716 .ne
1661 655 1857 719 maiis
1901 660 2149 720 tantum
2188 655 2589 724 facinoribus

396 759 780 832 notesceret,
810 754 1069 819 veniam
1094 755 1305 819 exilii⁰
1332 761 1454 838 pro
1491 754 1752 820 Annaeo
1782 756 2062 833 Seneca,
2094 758 2291 820 simul
2326 757 2587 822 Praetu-

397 874 539 921 ram
579 856 919 939 impetrat,
986 856 1212 920 laetum
1254 859 1323 920 in
1373 858 1714 941 publicum
1768 863 1936 935 rata,
1983 859 2073 921 ob
2132 858 2594 923 claritudinem

398 954 790 1024 studiorum?
816 957 1002 1039 ejuS,
1033 962 1237 1039 utque
1267 957 1549 1021 Domitii
1590 959 1870 1040 pueritia
1913 960 2031 1036 tali
2070 960 2383 1041 magistro
2426 958 2589 1023 ado-

393 413 529 466 ,1.6.
551 414 661 479 sa]
1077 406 1491 469 summumst
1539 409 1690 458 ms.
1736 408 1880 459 xu.

397 1122 621 1182 amnium,
643 1125 763 1185 quod
795 1138 846 1171 eo
878 1127 1081 1187 ternpore
1101 1125 1334 1200 supplicia
1352 1130 1400 1174 et
1418 1126 1603 1188 piacula
1623 1096 1792 1174 incesti
1816 1129 2148 1187 quererentur.
2211 1125 2283 1172 At
2298 1123 2588 1188 Amppisa,

397 1201 457 1235 ne
474 1187 696 1249 improbis
717 1191 901 1235 tantam
926 1187 1079 1247 factis
1098 1188 1435 1249 inclaresceret,
1466 1190 1679 1250 gratiam
1715 1189 1851 1238 exilii
1871 1188 2052 1237 obtinet
2085 1203 2171 1251 pro
2189 1189 2373 1236 Annoeo
2392 1188 2587 1250 Seneca,

396 1251 538 1299 simul
559 1258 614 1299 et
632 1256 906 1314 praeturam,
940 1251 992 1300 id
1028 1258 1221 1309 gratum
1256 1253 1308 1301 in
1338 1255 1505 1314 vulgus
1537 1253 1833 1314 existimans,
1854 1252 1909 1300 ob
1929 1252 2247 1301 celebritatem
2281 1252 2526 1299 doetrinae-
2535 1256 2588 1300 et

397 1315 672 1378 eloquentie
688 1315 913 1381 illius,et
946 1320 1001 1364 ut
1023 1317 1262 1366 Domitius
1300 1316 1464 1366 adbuc
1492 1331 1615 1382 puer
1648 1317 1744 1366 sub
1782 1317 1870 1365 tati
1887 1321 2190 1380 ,μαι-φῦσα
2208 1315 2502 1378 Memora,
2536 1318 2586 1368 et

1377 1456 1427 1505 Ν
1432 1455 1595 1507 OTAE

459 1579 497 1606 ¹²
528 1573 843 1622 stridentibus
861 1575 1061 1641 cunctis]
1093 1577 1163 1625 Et
1182 1576 1357 1625 hercle
1381 1576 1448 1625 ri-

396 1646 637 1726 diculum,
676 1649 814 1712 quod
857 1650 1102 1700 Claudius
1137 1652 1297 1701 Silani
1329 1666 1448 1701 cnm

396 1737 569 1774 sorore
610 1725 856 1776 incestum
904 1728 1248 1791 piacularibus
1290 1729 1447 1778 sacris

1527 1590 1561 1624 o
1579 1575 1795 1624 Romani
1817 1574 2032 1625 nominis
2050 1581 2105 1624 et
2120 1574 2384 1638 sapientiae
2401 1587 2585 1638 magne

1528 1652 1628 1699 sol
1687 1651 1894 1714 Lipsius.

1592 1733 1617 1767 Ρ
1654 1726 1728 1775 01>
1749 1727 2080 1792 claritudinem
2098 1727 2382 1789 studiat-um]
2421 1728 2585 1777 Intel-

393 1798 578 1860 lneret,
615 1800 723 1862 ipse
764 1802 816 1849 in
855 1803 1039 1852 eadem
1073 1804 1242 1866 culpa.
1311 1804 1448 1854 Nam

395 1873 601 1936 piacula
620 1876 762 1925 istaec
784 1891 909 1925 cave
930 1879 1028 1932 alio
1049 1877 1261 1943 referas,
1295 1895 1446 1943 quam

395 1948 461 1997 ad
482 1951 680 1998 crimen
701 1951 875 2002 Silani.
942 1954 1145 2017 Lipsius.

460 2024 774 2073 stridentibus
794 2028 994 2091 cunctis]
1022 2030 1195 2079 Causa
1218 2036 1359 2079 certe
1382 2031 1447 2079 ri-

395 2098 553 2147 dendi
586 2099 702 2159 fuit,
734 2102 870 2165 qnod
907 2104 1261 2167 imperitantes
1298 2107 1447 2154 ulcis·

394 2181 657 2238 cerentur,
675 2186 1073 2238 procurarentve
1093 2179 1339 2229 incestum
1359 2179 1447 2229 fic·

392 2256 502 2298 tum
544 2258 599 2297 et
638 2253 1059 2315 commentitium,
1080 2269 1143 2303 eo
1182 2256 1293 2318 ipso
1319 2262 1447 2304 tem-

391 2340 537 2389 pore,
555 2342 659 2390 qno
680 2342 857 2377 verum
879 2336 1179 2394 certumque
1197 2331 1446 2379 incestum

392 2401 466 2451 ini
491 2403 657 2466 palam
681 2410 735 2451 et
758 2403 964 2468 publice
987 2412 1361 2470 perpetrarent.

458 2479 710 2528 Attamen
727 2481 809 2529 hic
822 2482 986 2531 Taciti
1007 2497 1182 2531 sensus
1201 2497 1310 2531 esse
1333 2497 1449 2546 pos-

396 2555 483 2620 sit,
502 2556 672 2605 risisse
704 2571 890 2620 nempe
923 2572 1116 2619 omneS,
1146 2558 1162 2583 ‘
1185 2558 1317 2621 quod
1341 2573 1447 2621 poe-

395 2645 477 2681 nae
517 2632 1003 2695 procurationesque
1034 2633 1218 2682 incesti
1240 2633 1290 2682 id
1320 2642 1447 2683 tem-

391 2705 531 2770 poris
550 2707 980 2771 exquirerentur!

462 2780 599 2832 Quia
634 2797 820 2847 nempe
860 2797 970 2832 aevo
1009 2783 1227 2844 Claudii,
1249 2791 1305 2834 et
1334 2785 1446 2849 jam

396 2863 518 2906 ante
553 2857 694 2920 olim,
725 2858 855 2907 tales
894 2859 1023 2907 ritus
1058 2860 1452 2923 spernebantur,

396 2946 494 2981 nec
538 2933 651 2995 jam
692 2933 928 2996 prodigia
968 2934 1056 2982 illa
1090 2949 1180 2983 seu
1223 2942 1450 2985 monstra

394 3008 825 3072 procurabantur,
879 3023 976 3057 nec
1029 3009 1454 3071 advertebantur,

394 3084 493 3132 nisi
515 3084 569 3133 in
600 3093 760 3146 metu,
796 3086 964 3148 inquit
985 3086 1224 3147 Tacitus;
1275 3087 1358 3135 vel
1383 3086 1447 3136 ob

393 3163 663 3222 utramque
716 3174 921 3221 causam
974 3161 1179 3210 allatam
1247 3162 1451 3212 irrideri

392 3234 580 3283 meruit
602 3234 862 3286 Claudius.

458 3316 482 3342 ¹
517 3310 578 3358 111
598 3309 838 3373 temporis]
904 3311 1108 3376 Nempe
1128 3327 1228 3377 qno
1250 3310 1450 3361 incesta

393 3385 602 3449 publice
623 3392 678 3435 et
700 3387 1009 3436 auctoritate
1044 3394 1250 3436 senatus
1288 3401 1446 3452 popu-

390 3461 534 3528 lique
555 3462 703 3510 Rom.
744 3461 1156 3512 decernebantur
1177 3462 1447 3512 firmaban-

394 3542 584 3600 tnrque
610 3537 661 3585 in
683 3534 941 3600 futurum3
975 3552 1076 3601 quo
1100 3538 1226 3586 talia
1248 3537 1444 3600 pridem

328 3628 361 3642 ‘¹
384 3613 672 3663 obliterata
691 3619 747 3662 et
768 3616 1020 3678 neglecta,
1050 3621 1220 3664 tamen
1250 3615 1304 3663 in
1341 3629 1446 3664 mo·

392 3703 499 3739 rem
523 3695 578 3738 et
600 3704 745 3738 nsum
766 3697 1087 3739 revocarent.

456 3771 481 3796 ⁰
537 3763 728 3833 Veniam
761 3763 920 3826 exilii]
985 3763 1267 3827 Relegatus
1311 3763 1445 3812 enim

391 3838 592 3889 Seneca
614 3845 732 3902 post
754 3839 1076 3890 Qttaestnram
1102 3855 1133 3888 a
1154 3839 1370 3888 Claudio
1391 3839 1446 3886 in

394 3914 656 3964 Corsicam
700 3914 937 3974 insulam,
985 3914 1054 3962 ob
1106 3913 1444 3976 suspicionem

395 3989 637 4038 adulterii
673 4003 790 4038 cnm
824 3988 967 4040 Julia
1000 3988 1297 4039 Germanici
1322 3988 1446 4048 filia,

400 4062 585 4128 Vinicii
607 4077 786 4113 uxore.
868 4063 1025 4126 Cujus
1047 4063 1271 4112 criminis
1293 4078 1447 4113 scena

393 4154 425 4188 a
446 4139 751 4200 Messallina
770 4137 870 4187 fuit
891 4155 906 4200 ;
938 4153 1108 4202 scena,
1127 4138 1260 4188 dico.
1326 4138 1376 4187 N
1381 4152 1447 4186 on

392 4214 527 4264 enim
549 4213 724 4279 reipsa
743 4214 946 4280 expetit
965 4214 1020 4264 in
1057 4220 1111 4264 tc
1141 4214 1253 4266 haec
1274 4215 1446 4279 culpa,

1525 1802 1665 1864 lige
1651 1802 1929 1864 ingenium,
1949 1803 2315 1867 eloquentiam,
2336 1802 2504 1864 juris·
2493 1802 2586 1852 -di-

1527 1880 1633 1929 vini
1669 1887 1726 1929 et
1759 1880 1960 1928 humani
1999 1880 2256 1942 peritiam.
2319 1880 2490 1928 Etiam
2528 1886 2586 1929 et

1527 1953 1795 2016 sapientia
1837 1953 2028 2002 Stoicae
2073 1966 2276 2015 nempe,
2311 1968 2414 2017 qna
2448 1967 2585 2016 prae·

1526 2028 1766 2089 cellebat,
1800 2041 2023 2077 amorem
2062 2026 2453 2092 doctrinamque
2476 2027 2585 2076 exi-

1524 2104 1697 2160 miam.

1593 2179 1667 2226 Ob
1735 2178 2065 2227 claritudinem
2132 2178 2392 2230 studiorum
2456 2179 2582 2243 ejus]

1527 2253 1746 2306 Quintil.
1772 2266 1827 2302 x.
1865 2252 2041 2302 Instit.
2077 2249 2144 2301 de
2177 2255 2405 2314 Seneca:
2441 2256 2456 2282 ‘
2480 2254 2583 2304 Cu-

1518 2330 1609 2392 jus
1647 2336 1701 2378 et
1738 2329 1912 2376 multae
1944 2327 2135 2391 alioqui
2175 2337 2228 2375 et
2261 2343 2458 2391 magnas
2483 2329 2584 2377 vir·

1526 2410 1665 2453 tutes
1689 2402 1914 2465 fuerunt,
1935 2403 2196 2466 ingenium
2218 2402 2375 2453 facile
2408 2410 2463 2453 et
2500 2419 2585 2454 co·

1526 2481 1743 2544 pinsum,
1784 2479 2054 2543 plurimum
2098 2478 2272 2542 studii,
2306 2480 2582 2529 multarum

1527 2569 1698 2607 rernm
1738 2554 1998 2618 cognitio;
2059 2555 2112 2602 in
2143 2569 2246 2617 qua
2285 2561 2457 2603 tamen
2495 2555 2585 2605 ali·

1526 2631 1732 2694 quando
1788 2629 1854 2678 ab
1908 2629 1986 2690 iis,
2043 2629 2224 2694 quibus
2278 2629 2583 2695 inquirenda

1526 2706 1760 2770 quaedam
1805 2705 2100 2763 mandabat,
2177 2706 2427 2769 deceptus
2480 2712 2580 2767 est,

1521 2780 1789 2830 Tractavit
1826 2781 1979 2829 etiam
2017 2794 2216 2828 omnem
2238 2778 2349 2829 fere
2389 2778 2584 2832 studio-

1524 2872 1638 2906 rum
1681 2856 1966 2905 materiam.
2047 2856 2182 2904 Nam
2226 2860 2282 2903 et
2324 2855 2584 2904 orationes

1523 2933 1655 2996 ejus,
1680 2937 1734 2981 et
1755 2929 2012 2994 poemata,
2034 2936 2090 2978 et
2118 2928 2370 2992 epistolae,
2402 2935 2458 2977 et
2479 2929 2582 2977 dia-

1524 3009 1630 3072 logi
1652 3007 1901 3057 feruntur.
1964 3006 2027 3054 In
2045 3002 2377 3067 Philosophia
2400 3017 2581 3067 parum

1524 3083 1760 3147 diligens,
1794 3080 2024 3146 egregius
2047 3086 2219 3128 tamen
2241 3078 2481 3128 vitiorum
2504 3079 2580 3127 in·

1522 3164 1754 3207 sectator
1774 3155 1872 3205 fuit
1892 3174 1903 3206 :
1958 3157 2136 3205 rnultae
2160 3155 2213 3202 in
2235 3168 2296 3202 eo
2319 3155 2577 3218 claraeque

1526 3233 1815 3295 sententian,
1832 3231 1992 3280 multa
2014 3230 2167 3278 etiam
2191 3243 2387 3277 morum
2414 3229 2581 3292 gratia

1525 3307 1777 3372 legenda:
1828 3304 1993 3355 sedin
2026 3302 2308 3368 eloquendo
2331 3309 2580 3366 corrupta

1523 3386 1788 3446 pleraque,
1839 3388 1993 3445 atque
2031 3394 2091 3428 eo
2129 3378 2578 3442 perniciosissima,

1527 3459 1664 3524 quod
1687 3457 1953 3507 abundant
1976 3455 2208 3505 dulcibus
2233 3455 2388 3515 vitiis,
2422 3456 2579 3503 velles

1526 3549 1643 3582 eum
1664 3548 1753 3582 suo
1775 3531 1980 3596 ingenio
2001 3531 2207 3591 dixisse,
2242 3529 2408 3578 alieno
2435 3529 2579 3593 judi-

1526 3609 1642 3657 cio:
1693 3622 1811 3655 nam
1847 3605 1889 3655 si
1927 3605 2100 3669 aliqua
2134 3603 2507 3666 contemsisset,
2535 3605 2578 3652 si

1527 3700 1708 3748 parum
1730 3683 2070 3746 concupisset,
2104 3682 2143 3730 si
2168 3695 2270 3729 non
2293 3682 2465 3730 omnia
2486 3682 2580 3735 sua

1526 3766 1763 3821 amasset,
1785 3759 1827 3807 si
1863 3773 2030 3807 rernm
2053 3757 2282 3822 pondera
2302 3757 2578 3807 minutissi-

1527 3835 1622 3883 mis
1642 3832 1911 3884 sententiis
1931 3849 2033 3882 non
2051 3832 2289 3896 fregisset
2309 3849 2323 3893 ;
2363 3848 2578 3884 consen-

1527 3926 1587 3959 su
1627 3911 1798 3974 potius
1831 3909 2166 3970 eruditorum,
2203 3924 2356 3973 quam
2395 3923 2577 3970 puero-

1525 4000 1639 4034 rum
1682 4000 1853 4034 amore
1885 3985 2322 4049 comprobaretur.
2382 3984 2578 4033 Verum

1524 4060 1598 4109 sic
1619 4074 1823 4125 qnoque
1846 4060 1958 4123 jam
1981 4056 2202 4109 robustis
2225 4066 2281 4109 et
2317 4060 2576 4108 severiore

1504 4152 1713 4210 ‘genere
1752 4137 1878 4187 satis
1928 4137 2143 4207 firmatis
2184 4136 2446 4201 legendus,
2495 4136 2578 4186 vel

1523 4214 1641 4291 ideo
1665 4214 1802 4280 quod
1819 4210 2274 4294 ¹exercerepotest
2303 4218 2574 4291 utrumque
