3100 4925
46 1021 53 1063 υ-
48 915 55 972 ⁴-—
49 813 57 855 —u
48 709 59 752 u·—
50 607 60 651 ¹-

362 430 632 495 s.,c.·so.]
1043 420 1652 477 Amumvuus.
1699 427 1876 479 xm.
2304 501 2308 506 Δ
2396 411 2575 488 iseo

363 569 650 636 occultae
680 568 767 633 ad
800 566 874 634 id
900 573 1185 652 tempuS,
1230 549 1831 650 proscriberentur:
1876 570 2164 636 omissas
2180 573 2572 657 petitiones·

366 691 497 737 non
521 671 696 737 ultra
722 669 999 738 annumb
1040 675 1472 739 resumerent:
1518 668 1760 736 Romae
1809 670 2088 752 Praetor,
2129 693 2250 758 per
2298 676 2569 758 provin·-
2636 748 2645 757 ,

365 879 576 943 publice
612 884 1056 943 proponerentur,
1089 878 1388 953 praeteritas
1414 878 1714 929 exactiones
1746 894 1849 929 non
1866 880 2195 932 retraherent
2217 882 2357 933 ultra
2378 895 2565 933 annum

364 959 541 1004 nauum
572 944 841 1009 praetorin
861 943 1010 1007 urbe,
1031 943 1162 995 etin
1196 942 1473 1008 provinciis
1492 945 1583 1008 qui
1619 959 1715 1008 pro
1736 951 1962 1008 praetore
2002 953 2093 997 aut
2127 947 2340 997 consule
2374 962 2565 1012 praees-

1359 1105 1572 1157 NOTAE
1644 1152 1649 1157 .

362 1243 511 1300 et'ut,
541 1237 633 1287 lite
657 1243 788 1300 orta,
812 1236 880 1285 ad
903 1249 990 1286 eas
1010 1236 1152 1301 leges
1175 1236 1419 1301 confuge·
1500 1237 1783 1300 dragesimae
1818 1238 1871 1287 in
1894 1238 2015 1289 Asia
2052 1238 2186 1302 egit:
2218 1252 2319 1289 non
2349 1238 2560 1305 publica·

360 1319 481 1364 rent
519 1314 770 1377 oppressi.
835 1313 1059 1362 Fallitur
1091 1314 1332 1364 Donatus
1366 1314 1420 1362 in
1498 1329 1628 1364 uum.
1699 1315 2015 1365 Gronovius.

358 1388 542 1438 fraude
556 1388 942 1452 publicanorum
953 1388 1278 1452 explicanda.
1298 1389 1421 1440 Non
1566 1388 1664 1437 Vel
1702 1403 1913 1451 prorsus·
1947 1404 2082 1439 nova
2118 1389 2319 1440 tributa
2351 1390 2559 1442 adinve-

360 1464 499 1513 enim
521 1469 701 1513 vetera
717 1463 789 1512 illi
809 1462 1151 1525 renovabant,
1173 1464 1267 1513 sed
1289 1478 1422 1512 nova
1497 1462 1728 1530 niebam,
1745 1464 1891 1528 quasi
1914 1465 2030 1528 lege
2053 1472 2232 1514 sancta
2256 1480 2318 1515 ac
2341 1464 2558 1519 decreta

358 1539 704 1590 inveniebant.
760 1540 898 1591 Nam
921 1554 1039 1589 cum
1061 1541 1164 1604 lex,
1185 1540 1293 1590 sive
1316 1538 1418 1590 for·
1498 1545 1686 1603 essent,
1723 1539 1825 1602 vel,
1848 1541 1944 1590 sub
1986 1540 2276 1592 nominibus
2301 1548 2560 1608 veterum,

340 1616 494 1664 -mula
523 1621 580 1664 et
612 1615 787 1677 capita
806 1615 1183 1678 conductionis,
1205 1629 1309 1664 non
1332 1629 1410 1664 es·
1490 1629 1586 1678 per
1622 1612 1857 1665 fraudem
1893 1616 1994 1667 alia
2025 1618 2231 1667 nomina
2263 1617 2556 1669 introduce·

354 1698 473 1739 sent
504 1690 787 1753 invulgata,
809 1691 1088 1755 exigebant
1111 1692 1415 1756 quibusdam
1495 1691 1638 1752 bant,
1660 1705 1774 1754 quae
1801 1691 1960 1740 veluti
2002 1705 2099 1755 per
2135 1688 2557 1758 consequentiam

354 1766 660 1829 nominibus,
712 1767 896 1831 quibus
960 1781 1258 1820 concessum
1311 1783 1412 1817 non
1496 1765 1598 1813 alia
1616 1779 1683 1830 ex
1707 1765 1817 1815 aliis
1833 1766 2100 1816 elicerent.
2165 1767 2355 1832 Sicque
2379 1779 2558 1818 onera-

354 1851 468 1893 erat
492 1858 587 1908 per
627 1846 814 1907 legem,
847 1859 1019 1910 neque
1055 1859 1281 1910 unquam
1303 1844 1414 1897 fue-

354 1926 455 1969 rat.
524 1918 632 1969 Has
655 1927 809 1970 vocat
825 1921 1035 1971 Tacitus
1071 1936 1214 1971 novas
1234 1921 1415 1971 acerbi-

351 2001 492 2057 tates,
510 2001 567 2044 et
585 1995 773 2045 nomina
795 1996 1091 2045 motionem
1110 1996 1408 2048 illicitarum.

353 2071 657 2134 Exemplum
682 2076 762 2120 est
782 2071 920 2135 apud
938 2071 1302 2121 Ciceronem‘l.
1320 2086 1408 2122 ιιι.

350 2147 403 2196 in
426 2148 675 2196 Verrem:
700 2147 715 2174 ⁴
738 2148 818 2195 Ex
842 2148 982 2197 omni
1003 2148 1241 2214 pecunia,
1256 2163 1408 2213 quam

351 2222 640 2271 aratoribus
661 2223 862 2273 solvere
884 2222 1125 2287 debuisti,
1140 2223 1300 2273 certis
1322 2239 1409 2274 no-

349 2299 572 2354 minibus
609 2299 949 2349 deductiones
987 2299 1101 2350 fieri
1136 2300 1402 2351 solebant:

350 2375 570 2436 primum
612 2390 707 2439 pro
743 2376 1066 2439 spectatione
1103 2381 1158 2425 et
1182 2374 1406 2439 collybo,

348 2445 470 2511 dein
501 2450 671 2500 nescio
712 2465 806 2513 pro
848 2465 947 2515 quo
989 2449 1207 2500 ceratio.
1270 2444 1406 2499 'Haec

345 2524 533 2589 omnia,
555 2525 784 2589 judices,
805 2539 909 2574 non
931 2539 1103 2574 rerum
1125 2530 1405 2587 certarum,

345 2599 443 2657 sed
477 2599 733 2651 furtorum
768 2600 1254 2665 improbissimorum
1285 2605 1408 2650 sunt

346 2678 635 2729 vocabula?

412 2753 640 2806 Caesarl.
660 2768 750 2805 ιιι.
768 2754 833 2806 de
857 2755 995 2805 bello
1011 2755 1152 2806 civil.
1168 2761 1217 2806 1.
1236 2757 1252 2785 ὅ
1271 2757 1407 2806 Mul·

347 2835 403 2880 ta
431 2835 689 2895 praeterea
728 2830 793 2880 ad
832 2833 1104 2882 avaritiam
1143 2834 1404 2898 excogita·

344 2905 550 2957 bantur.
616 2905 680 2954 In
702 2907 880 2970 capita
917 2908 1117 2971 singula
1140 2924 1403 2960 servorum

342 2993 405 3046 ac
428 2979 709 3032 liberorum
746 2981 995 3033 tributum
1026 2984 1404 3048 imponebatur.

342 3057 693 3121 columnaria,
716 3057 940 3121 ostiaria,
958 3059 1291 3125 frumentum,
1309 3064 1403 3113 mi-

340 3132 483 3196 lites,
519 3134 758 3198 remiges,
795 3149 955 3199 arma,
988 3144 1262 3201 tormenta,
1284 3154 1400 3189 vec-

341 3217 474 3259 turae
497 3210 900 3275 imperabantur.
966 3213 1126 3276 Cujus
1152 3213 1226 3262 rei
1247 3215 1398 3264 modo

321 3288 525 3336 ‘nomen
547 3285 766 3349 reperiri
786 3294 1015 3350 poterat,
1026 3289 1124 3338 boc
1142 3291 1270 3341 satis
1283 3304 1399 3343 esse

341 3362 410 3412 ad
434 3361 690 3426 cogendas
714 3364 958 3426 pecunias
976 3364 1290 3415 videbatur!

403 3437 492 3488 Sic
507 3438 667 3501 igitur
684 3439 770 3489 isti
788 3455 992 3504 quoque
1008 3438 1294 3492 faciebant.
1326 3443 1399 3492 Et

335 3509 534 3562 licebat
556 3513 735 3563 dolere
768 3530 872 3564 non
895 3530 1135 3566 recusare
1150 3518 1400 3581 obnoxiis,

338 3589 478 3652 quod
497 3589 762 3653 publicani
780 3605 835 3641 se
845 3591 964 3655 jure
979 3606 1073 3641 suo
1090 3591 1185 3651 nti,
1202 3598 1258 3644 et
1273 3593 1397 3643 nihil

335 3664 439 3717 nisi
494 3679 558 3713 ex
610 3665 726 3726 lege
764 3663 1002 3730 flagitare
1039 3668 1395 3719 mentirentur.

339 3736 473 3789 Haec
504 3740 605 3788 illis
628 3740 831 3790 latebra
850 3743 1056 3792 sublata
1076 3750 1177 3802 est,
1200 3744 1397 3806 leg'bus

335 3816 584 3880 cujusque
630 3816 825 3880 publici
870 3818 1199 3882 proscriptis.
1258 3819 1397 3869 unde

335 3889 633 3943 didicerunt
655 3893 750 3949 illi
785 3908 817 3940 a
853 3894 1035 3958 quibus
1074 3894 1399 3958 exigebatur,

337 3965 461 4031 quid
484 3966 757 4025 deberent,
778 3968 899 4030 quid
933 3983 1033 4018 non
1057 3968 1331 4019 deberent.

402 4042 619 4090 Frustra
657 4042 815 4090 etiam
858 4056 924 4090 ex
945 4043 1179 4092 Suetonii
1204 4046 1238 4088 l
1246 4058 1393 4108 espu-

335 4115 482 4165 siano
505 4117 716 4180 probat,
738 4116 875 4180 qnod
896 4118 1102 4167 aliunde
1125 4119 1251 4177 satis
1272 4134 1392 4169 con-

333 4196 462 4255 stat,
480 4198 537 4243 et
559 4191 769 4256 probari
794 4207 896 4243 uon
913 4202 995 4244 est
1010 4207 1238 4244 necesse.
1304 4194 1391 4246 Ibi

333 4267 476 4321 enim
499 4267 750 4326 sincerior
781 4269 976 4325 lectio:
1002 4270 1245 4337 publicum
1278 4287 1393 4338 quo·

1494 1842 1619 1894 bant
1650 1843 1847 1907 pondus
1865 1862 1882 1906 3
1928 1843 2155 1908 taliaque
2189 1842 2420 1908 difficile,
2456 1858 2554 1896 nec

1493 1919 1595 1968 nisi
1615 1919 1798 1970 stricta
1819 1920 1936 1984 lege
1957 1919 2312 1972 coerceantur.

1557 2000 1581 2027 ⁸
1606 1994 1818 2044 omissas
1827 1993 2109 2058 petitiones]
2172 1994 2328 2046 Quod
2352 2009 2452 2045 non
2475 1994 2553 2045 in·

1489 2073 1574 2118 tra
1613 2084 1800 2118 anunm
1844 2068 2165 2133 persolutum
2206 2075 2376 2132 esset3
2412 2069 2553 2136 quod

1490 2144 1699 2210 exigere
1721 2159 1822 2194 non
1847 2144 2154 2208 potuissent,
2175 2150 2267 2195 aut
2298 2146 2554 2210 neglexis-

1490 2227 1639 2270 sent:
1675 2219 1767 2270 sed
1799 2219 1952 2270 facile
1993 2220 2224 2286 speciem
2260 2235 2553 2287 nomenque

1487 2296 1655 2346 debiti
1687 2297 1961 2346 mutabant
1995 2295 2130 2346 vafri
2165 2296 2445 2360 publicani,
2465 2298 2553 2348 vel

1485 2372 1684 2435 majore
1707 2372 1908 2422 saevitia
1930 2371 2071 2422 intra
2092 2386 2286 2435 paucos
2308 2370 2420 2423 dies
2441 2373 2552 2424 exi·

1488 2447 1713 2512 gebant3
1748 2445 1887 2513 quod
1925 2452 1982 2499 et
2019 2447 2183 2499 exitio
2204 2443 2310 2499 fuit
2333 2447 2551 2500 subditis

1487 2523 1762 2588 sociisque.

1549 2596 1574 2630 b
1597 2599 1708 2649 Non
1740 2600 1870 2649 altra
1900 2599 2100 2664 annum]
2168 2600 2432 2666 Intellige,
2466 2601 2550 2654 vel

1481 2675 1675 2725 omissas
1691 2677 1943 2740 petitiones
1961 2692 2062 2727 non
2086 2679 2273 2728 resumi
2291 2678 2451 2729 licere
2471 2692 2557 2728 see

1483 2750 1665 2814 quenti
1704 2766 1873 2814 anno;
1906 2753 1988 2802 vel
2024 2754 2221 2803 tributa
2243 2753 2382 2803 intra
2422 2767 2551 2804 enn-

1483 2826 1603 2874 dem
1626 2840 1815 2875 annum
1830 2827 1971 2893 exigi
1987 2828 2181 2879 debere
2196 2845 2211 2889 ;
2234 2829 2468 2896 alioquin
2483 2843 2549 2881 eo

1484 2917 1608 2951 casu
1626 2903 1796 2952 'omissa
1820 2918 1916 2967 pro
1939 2904 2136 2952 amissis
2156 2910 2325 2955 erant.

1550 2978 1990 3043 Puto,Nerouem
2012 2980 2238 3030 voluisse
2260 2982 2435 3031 levare
2456 2994 2550 3045 po·

1483 3054 1658 3116 pulum
1677 3055 1742 3103 ad
1763 3056 2196 3120 praesens,sicque
2216 3055 2459 3120 edixisse,
2475 3068 2546 3107 ne

1480 3129 1684 3179 omissae
1707 3137 1864 3180 antea
1884 3136 1940 3181 et
1961 3129 2098 3181 forte
2132 3147 2164 3180 a
2199 3130 2431 3195 pluribus
2453 3144 2547 3181 an·

1479 3204 1560 3251 nis
1585 3204 1895 3255 tributorum
1918 3204 2205 3269 petitiones
2227 3219 2544 3257 resumeren-

1479 3283 1567 3327 tur
1600 3280 1737 3328 ultra
1771 3292 1958 3330 annum
1996 3295 2172 3343 unum,
2189 3295 2379 3345 nempe
2400 3281 2545 3331 ultra

1478 3368 1668 3402 annum
1690 3354 1927 3404 ultimum
1944 3361 2000 3406 et
2021 3363 2351 3418 praesentem,
2370 3370 2545 3421 neque

1478 3438 1730 3481 vexarent
1746 3431 2005 3495 publicani
2023 3430 2245 3494 plebem,
2259 3434 2541 3482 multorum

1476 3519 1725 3557 annorum
1763 3507 2038 3570 vectigalia
2069 3508 2218 3557 simul
2249 3508 2545 3570 exigentes.

1475 3580 1580 3631 Sed
1607 3588 1717 3632 tum
1739 3582 1897 3631 etiam
1920 3580 2104 3633 fallunt
2122 3582 2216 3645 illi,
2241 3583 2361 3648 quia
2381 3579 2543 3634 nomi.

1477 3670 1546 3706 na
1585 3664 1791 3707 mutant
1824 3658 1990 3722 pactis
2028 3658 2243 3722 privatis
2282 3672 2344 3708 ae
2365 3672 2542 3723 perso·

1478 3732 1700 3796 nulibus,
1721 3740 1778 3783 et
1810 3740 1997 3797 postea
2033 3748 2100 3782 ex
2136 3734 2406 3784 commodo
2445 3749 2539 3787 suo

1475 3808 1693 3871 exigunt
1743 3810 1888 3873 talia,
1938 3809 2086 3875 quasi
2151 3810 2333 3861 debita
2386 3808 2538 3862 bona

1473 3881 1615 3932 fidet

1546 3959 1693 4010 Ultra
1712 3959 1910 4023 amm]
1961 3960 2024 4011 In
2043 3962 2373 4026 praeteritum
2394 3974 2549 4012 nem-⁴

1473 4048 1559 4097 pe.
1629 4036 1767 4085 Nam
1808 4036 1851 4085 si
1895 4035 1961 4087 de
2004 4035 2183 4087 futuro
2224 4041 2423 4099 ageret,
2454 4028 2536 4091 ‘sic

1473 4111 1633 4174 magis
1651 4111 1887 4175 subditos
1907 4112 2172 4178 sociosque
2201 4113 2534 4164 divexas-ent

1469 4187 1751 4313 ῗιαῖῑὲξίιιιί,
1770 4195 1828 4240 et
1848 4188 2005 4239 nimia
2025 4186 2364 4241 festinatione
2374 4188 2540 4255 jugu-
