3100 4925
348 415 617 484 maso-1
683 427 692 470 .·

1067 400 1486 456 ARN-§.LIUM
1548 399 1701 450 mn.
1746 397 1921 449 1111.

2385 323 2569 458 imas

348 556 514 622 sed,
532 552 782 620 etms
804 542 1372 615 Jahnnumf-sooia
1394 542 1618 622 nobis,
1665 540 1844 607 malo
1894 539 2269 624 improviso
2309 537 2563 614 afflicta,

348 750 480 801 baut.
537 750 608 799 At
623 746 762 797 mutio
781 746 1024 795 Julioaum
1042 745 1198 793 anuos
1224 743 1360 793 nobis
1375 744 1635 808 inopinata
1663 740 1937 794 calamitate
1962 739 2187 803 perculsa
2224 742 2295 787 est
2316 753 2335 788 .·
2386 733 2558 800 quippe

1284 901 1429 921 istm
1432 900 1489 920 O‘
1493 900 1639 921 “O“

351 1020 611 1078 vertebant.

675 1018 842 1083 quue
866 1016 1135 1067 confirmat
1156 1017 1264 1067 Mei
1298 1016 1477 1078 lectio,
1499 1016 1599 1066 etsi
1640 1014 1694 1063 in
1737 1011 1946 1078 reliquis
1983 1010 2148 1060 minus
2169 1006 2472 1057 emendata·
2515 1007 2565 1056 et

353 1091 522 1137 ’iumen
540 1084 724 1149 quidem
746 1084 913 1132 hostile
932 1083 984 1130 in
1003 1097 1052 1132 se
1067 1081 1329 1131 vertebant.
1394 1080 1548 1129 Unde
1576 1081 1625 1130 N
1637 1080 1832 1129 icolaus
1861 1075 2106 1126 Heinsius
2129 1073 2367 1137 legebat.
2414 1074 2461 1119 et
2477 1063 2572 1118 mi

1366 1222 1589 1277 NOTAE

359 1346 477 1394 tos·
462 1375 479 1401 ,
514 1340 636 1405 quia
655 1340 858 1397 seilicet
873 1346 994 1389 ante
1009 1338 1265 1402 praelium,
1287 1336 1425 1386 Her·
1501 1336 1722 1388 Druidoe
1759 1336 1890 1385 diras
1923 1348 2085 1397 preces
2120 1331 2410 1381 fundebant
2444 1333 2569 1396 ante

358 1415 601 1466 munduri
641 1418 729 1480 qui
763 1416 1019 1478 vicerunt,
1058 1414 1228 1463 Cattis
1262 1413 1421 1462 hosti·

360 1492 457 1541 bus
499 1505 589 1539 eas
639 1491 800 1539 minas
844 1491 1197 1540 intentarunt:
1247 1489 1426 1553 sicque

358 1565 501 1618 mim
520 1565 706 1631 quidem
721 1565 946 1614 hostiles
926 1580 981 1614 tu
1019 1566 1144 1629 ipsos
1179 1564 1428 1615 verteban-

363 1645 461 1689 tur.

369 1729 378 1736 ·
428 1716 534 1766 Sed
571 1716 762 1779 potius,
797 1722 940 1779 puto,
978 1713 1136 1763 etiam
1175 1728 1280 1763 non
1307 1720 1430 1764 ante

362 1791 599 1855 Ριζιιιιίιιιιι
621 1792 841 1840 tacuisse
878 1792 1064 1853 Cattos,
1095 1790 1186 1855 qui
1220 1789 1424 1839 validis-

365 1866 477 1934 simi
501 1881 562 1928 ac
586 1866 889 1934 ferocissimi
927 1865 1125 1930 populi,
1148 1865 1239 1914 sed
1265 1865 1426 1913 minas

364 1941 522 2008 etiam
538 1941 876 2004 interjecisse,
896 1941 939 1990 si
960 1941 1249 2003 vincerent,
1268 1940 1426 1989 diver-

363 2032 465 2065 sam
490 2017 636 2065 aciem
657 2017 816 2065 Marti
835 2031 891 2065 ac
920 2016 1159 2066 Mercurio
1199 2021 1433 2064 sacratu-

367 2107 470 2160 ros,
493 2098 552 2140 ut
575 2097 630 2139 et
650 2092 790 2155 ipsos
814 2090 1233 2141 Hermunduros.

433 2166 587 2220 Quod
609 2174 785 2215 votum
795 2181 1070 2230 prosperum
1093 2166 1210 2230 illis,
1228 2172 1283 2216 at
1307 2165 1440 2215 Cat-

370 2237 439 2314 tis
478 2240 743 2297 exitiosius
780 2240 907 2302 fuit3
944 2248 995 2289 et
1018 2242 1070 2290 in
1090 2241 1231 2305 ipsos,
1254 2240 1436 2290 Cattos

368 2311 576 2384 nempe,
594 2319 736 2365 minoe
758 2332 865 2365 suae
887 2305 1094 2384 hostile-3,
1115 2318 1167 2366 id
1184 2322 1283 2379 est,
1304 2330 1432 2382 quas

363 2394 471 2461 ipsi
504 2394 691 2456 hostes,
713 2393 816 2442 suis
840 2392 1071 2442 hostibus
1100 2392 1436 2455 intentarunt,

370 2468 695 2539 pariebantur.

433 2544 626 2609 Sicque
650 2549 809 2594 votum
841 2542 971 2592 illud
1006 2550 1259 2606 mutuum,
1280 2549 1336 2593 et
1356 2543 1440 2592 in-

367 2620 541 2671 uicem
564 2621 786 2673 hostium
808 2622 862 2669 in
880 2621 1053 2670 hostes
1080 2619 1201 2682 fuit,
1221 2619 1264 2667 si
1289 2619 1435 2667 vicis-

372 2703 511 2757 sent,
527 2700 695 2744 cuncta
715 2694 933 2744 hostium
955 2694 1181 2743 occidioni
1201 2696 1433 2754 daturos,
1423 2710 1436 2723 ·

373 2779 432 2822 et
472 2771 641 2820 bouum
675 2770 1029 2820 Hermunduris
1051 2783 1345 2832 prosperum,
1368 2783 1431 2817 eo

377 2845 538 2915 Cattis
577 2845 824 2895 exitiosius
872 2844 989 2906 fuit,
1027 2843 1163 2910 quod
1221 2845 1439 2905 victores,

372 2918 597 2973 hostium
636 2920 786 2968 aciem
827 2918 1004 2979 Marti,
1047 2922 1129 2980 ξε.
1177 2932 1435 2967 sacravere.

376 2984 534 3046 Quod
579 3000 755 3057 votum
821 2992 1095 3041 barbarum
1153 2993 1437 3041 emiserant

374 3077 495 3139 ante
518 3062 794 3118 discrimen
816 3070 1038 3134 utrique,
1052 3067 1247 3132 populi.
1309 3067 1437 3117 Tale

373 3134 556 3197 votum
599 3145 827 3197 emisisse
860 3145 1017 3194 etiam
1057 3144 1257 3207 Cattos,
1293 3143 1434 3192 colli·

376 3216 504 3289 gere
519 3221 770 3285 possimus
794 3235 860 3270 ex
881 3220 974 3269 lib.
1009 3219 1075 3269 de
1098 3221 1235 3270 Mor.
1258 3219 1435 3270 Germ.

376 3302 463 3347 sl.
503 3299 518 3324 ‘
538 3296 695 3361 Apud
719 3297 898 3347 Cattos
921 3297 975 3345 in
997 3310 1303 3345 consensum
1325 3310 1438 3344 ver-

374 3371 465 3438 tit,
501 3375 604 3427 διο.
630 3373 824 3422 crinem
857 3369 1173 3436 barbamque
1208 3370 1439 3419 summit-

376 3457 512 3515 tere,
532 3463 630 3501 nec
653 3449 751 3498 nisi
784 3449 932 3498 hoste
964 3463 1101 3497 caeso
1124 3461 1314 3497 exuere
1352 3460 1437 3496 vo-

380 3530 510 3591 tum,
540 3524 927 3592 obligatumque
964 3523 1148 3571 virtuti
1170 3523 1272 3571 oris
1294 3521 1439 3570 habi-

378 3609 506 3652 tum.
570 3602 740 3664 Super
775 3599 1078 3663 sanguinem
1099 3604 1154 3647 et
1173 3598 1336 3663 spolia
1358 3611 1438 3647 re-

379 3677 562 3726 velant
580 3672 844 3724 frontem.’

413 3796 418 3801 .
444 3752 626 3815 Mine]
697 3752 855 3800 Minae
915 3751 1175 3815 utrimque
1228 3750 1441 3800 hostiles

382 3834 551 3891 erant,
573 3841 686 3890 quae
722 3826 776 3874 in
810 3826 949 3890 ipsos
974 3826 1156 3875 Cattos
1190 3827 1443 3877 recidere.

381 3902 641 3966 Intelligit
700 3902 882 3965 minas,
925 3916 1016 3951 seu
1056 3909 1177 3951 vota
1216 3901 1444 3964 hostilia,

383 3995 500 4046 quae
533 3979 590 4027 ιιι
621 3984 842 4043 utraque
877 3977 989 4027 acie
1024 3975 1238 4042 fiebant,
1259 3991 1446 4041 nempe

382 4056 438 4105 in
460 4053 732 4122 procinctu
757 4053 823 4102 ad
845 4053 1101 4119 praelium.

450 4137 611 4189 Forte
635 4133 826 4198 aliquid
850 4132 1016 4182 simile
1049 4130 1444 4195 intelligendum

388 4211 464 4284 ἀεὶ
472 4210 740 4283 Britannis
762 4208 903 4277 apud
919 4206 1171 4283 Tacitum.
1210 4208 1447 4261 Quorum

1503 1417 1790 1471 certamen,
1829 1410 1972 1474 quasi
2008 1408 2248 1458 hostilem
2284 1404 2573 1454 exereitum

1508 1487 1634 1536 diris
1649 1487 1985 1548 devoverent,
1999 1485 2213 1548 jamque
2234 1497 2322 1531 eos
2339 1482 2455 1532 Diis
2468 1480 2573 1532 suis

1510 1569 1567 1612 et
1583 1577 1673 1612 suo
1698 1563 1804 1611 ritu
1829 1566 2112 1611 sacrarent.

1578 1638 1814 1701 Hostiles]
1861 1638 2066 1700 Nempe
2101 1635 2276 1697 minae,
2300 1648 2426 1698 quas
2459 1633 2575 1682 hos-

1513 1716 1652 1765 tibus
1692 1716 1770 1764 illi
1809 1715 2217 1775 intentaverant,
2244 1713 2300 1760 in
2329 1712 2577 1775 ipsosmet

1514 1791 1603 1855 qui
1621 1790 1805 1839 minati
1828 1788 2049 1850 fuerant,
2071 1786 2323 1836 recidere.
2378 1786 2576 1836 Utrim-

1516 1881 1616 1930 que
1660 1864 1900 1914 hostilem
1940 1863 2102 1912 aciem
2141 1862 2305 1912 Marti
2340 1875 2400 1911 ac
2433 1861 2579 1914 Mete

1516 1943 1661 1992 curio
1693 1946 2031 1992 sacraverant
2064 1939 2211 1989 Catti
2247 1945 2304 1989 et
2326 1927 2593 1988 Hermun-

1519 2019 1655 2081 duri,
1687 2025 1743 2067 et
1772 2017 1852 2066 sic
1895 2016 1949 2065 in
1986 2017 2151 2065 victos
2189 2014 2372 2064 Cattos
2409 2027 2578 2062 versre

1516 2095 1690 2156 minae,
1726 2101 1869 2157 quas
1886 2092 1984 2155 ipsi
2016 2090 2249 2140 hostibus
2289 2095 2410 2139 ante
2444 2101 2581 2152 Ρη*

1516 2172 1642 2221 lium
1668 2171 2000 2224 intentarant.
2566 2186 2572 2192 ’

1582 2244 1602 2279 f
1630 2246 1813 2295 Civitas
1833 2245 2098 2308 Juhoaum]
2140 2244 2229 2292 De
2244 2240 2380 2291 hoc
2366 2254 2488 2303 igne
2509 2239 2584 2290 ιιι

1516 2321 1621 2371 mia
1649 2320 1782 2369 mira
1802 2318 2016 2382 Pighius
2049 2317 2243 2367 amicus
2264 2321 2441 2368 noster
2462 2329 2582 2366 cen-

1518 2396 1686 2459 sebat,
1729 2394 1976 2455 Hujouum
2023 2392 2178 2452 scrib.
2232 2390 2473 2455 quoniam
2526 2389 2584 2442 in

1520 2472 2009 2539 agrossoguomine,
2040 2469 2193 2519 hodie
2226 2469 2358 2532 lapis
2390 2467 2584 2519 muli-in

1521 2551 1617 2604 sub
1641 2555 1786 2597 terra
1821 2544 2030 2609 fossilis,
2051 2544 2268 2594 idoneus
2306 2543 2586 2606 concipere

1515 2623 1715 2686 ignem.

1587 2699 1692 2748 Sed
1736 2714 1834 2763 ego
1878 2696 2107 2760 ambigo,
2144 2710 2213 2745 ne
2256 2710 2320 2745 ea
2357 2708 2484 2757 gens
2525 2693 2583 2743 in

1521 2774 1813 2824 Germania
1837 2774 1952 2836 ipsa
1993 2772 2119 2822 alibi
2155 2769 2334 2835 fuerit,
2377 2784 2480 2820 non
2526 2771 2584 2819 in

1516 2849 1772 2912 Belgica3
1827 2857 1884 2898 et
1925 2846 2136 2911 quidam
2160 2845 2293 2941 libri
2340 2843 2585 2895 Vibonem.

1519 2924 1750 2988 Lipsius.

1588 3000 1774 3050 Civitas
1805 2998 2070 3060 Juliouum]
2117 2998 2219 3052 Qui
2256 2998 2345 3048 isti
2374 2997 2586 3063 populi,

1520 3081 1612 3125 aut
1635 3076 1725 3125 ubi
1744 3076 2031 3125 terrarum?
2067 3075 2120 3124 in
2140 3075 2279 3124 Flor.
2320 3073 2549 3125 Vibonm
2560 3089 2581 3131 ,·

1517 3153 1772 3217 proxime,
1795 3153 1849 3201 ni
1869 3150 2041 3215 fallor,
2060 3166 2234 3201 veram
2252 3152 2585 3215 scriptur-ama

1520 3227 1902 3291 corrigendum
1954 3228 2089 3276 enim
2143 3227 2367 3289 videtur,
2417 3227 2592 3276 civitas

1521 3304 1811 3355 cocionum
1844 3304 1954 3355 sive
1981 3304 2271 3353 Curionum.-
2302 3302 2371 3352 de
2395 3302 2585 3367 quibus

1518 3380 1725 3444 populis
1770 3378 2107 3443 peculiariter
2148 3378 2260 3428 dixi
2304 3377 2372 3428 ad
2412 3377 2583 3429 Taciti

1520 3456 1869 3507 Germaniam.
1905 3456 2115 3515 Colerua.
2214 3488 2217 3491 π

1585 3532 1799 3582 Rectius
1821 3532 2026 3595 Lipsius
2056 3531 2110 3580 in
2151 3529 2441 3581 Germania
2477 3531 2594 3592 ipsa

1520 3608 1655 3657 hanc
1677 3605 1835 3656 fuisse
1857 3607 2097 3657 Juhouum
2130 3605 2401 3655 civitatem
2425 3606 2591 3668 suspi-

1523 3689 1692 3733 catur.
1757 3681 1824 3730 Id
1856 3680 2050 3746 quippe
2090 3679 2391 3744 conjunctio
2428 3679 2590 3730 histo-

1525 3761 1734 3822 riarum,
1753 3772 1883 3822 quas
1905 3757 1971 3806 de
1992 3756 2264 3806 Cattorum
2287 3755 2514 3819 excidio,
2535 3764 2594 3805 et

1525 3834 1593 3885 de
1614 3834 1856 3883 Judaeum
1879 3832 2176 3891 calamitate
2200 3837 2384 3880 auctor
2407 3829 2591 3880 refert.

1589 3908 1730 3958 Item
1753 3907 1892 3972 quod
1932 3913 1986 3957 et
2016 3906 2131 3969 ipsa
2160 3906 2301 3956 socia
2340 3906 2592 3955 Rornano-

1526 3999 1642 4035 rum
1680 3983 1800 4047 fuit,
1837 3982 2264 4048 quemadmodum
2298 3987 2353 4029 et
2383 3981 2598 4033 Martia-³

1445 4098 1454 4111 ,
1526 4076 1706 4121 corum
1724 4060 1924 4110 civ-itas.
1988 4059 2144 4109 Unde
2181 4056 2378 4121 liquido
2412 4055 2594 4125 colligi

1524 4143 1720 4203 potest,
1751 4137 1961 4186 Juhones
1999 4135 2066 4184 ab
2090 4149 2190 4184 una
2212 4138 2365 4197 parte
2386 4130 2590 4182 Chattis

1525 4213 1688 4267 fuisse
1725 4211 2095 4278 conterminos,
2117 4209 2185 4261 ab
2215 4209 2382 4265 altera
2400 4198 2587 4261 Rheno
