3100 4925
449 408 505 466 J.
527 409 589 459 C.
609 404 721 470 sa]

1165 399 1575 460 animuum
1618 400 1766 451 mn.
1812 402 1959 454 111.

2486 387 2660 458 1347

1447 626 1669 680 NOTAE

452 773 646 835 pontum
666 781 921 832 erumpens.
985 766 1066 815 Ex
1083 765 1195 831 quis
1216 778 1336 815 vere
1356 765 1515 814 corri-

455 858 570 909 ges,
580 845 655 896 vis
669 843 869 907 piscium
885 844 1129 896 innumera
1140 844 1347 893 Pontum
1363 858 1513 893 mns-

454 991 687 1061 piscinm,
704 995 1035 1059 (Pelamydes
1049 993 1193 1060 sunt)
1206 1009 1306 1044 non
1321 996 1515 1046 intran-

445 1079 540 1122 tes
559 1087 589 1124 e
610 1072 739 1122 mari
761 1071 935 1134 IEgaeo
958 1070 1202 1133 Pontum,
1223 1075 1283 1120 ut
1304 1072 1515 1135 vulgata

451 1147 610 1198 lectio
631 1146 832 1207 suadet,
855 1145 945 1194 sed
968 1151 1218 1195 exeuntes
1246 1160 1515 1210 erumpen-

455 1232 640 1290 tesque
662 1227 955 1288 capiuntur.
1020 1224 1232 1274 Foetura
1260 1225 1395 1273 enim
1431 1238 1516 1274 eo-

454 1315 568 1351 rnm
605 1301 657 1350 iu
696 1301 967 1365 paludibus
1000 1300 1265 1350 Maeotidis
1296 1307 1408 1361 est3
1441 1291 1516 1350 at-

455 1392 556 1443 que
576 1378 695 1428 inde
717 1378 898 1437 adulti,
922 1390 1079 1440 grege
1104 1374 1263 1438 facto,
1284 1376 1511 1426 Pontum

452 1449 931 1518 Propontidemque
972 1452 1199 1501 intrant:
1245 1458 1402 1516 atque
1439 1451 1528 1514 ibi,

453 1535 689 1593 captura.

514 1604 702 1656 Strabo
725 1603 863 1653 clare
900 1604 938 1653 1.
963 1616 1064 1652 vn.
1097 1616 1254 1667 super
1278 1602 1373 1651 hac
1397 1601 1511 1664 ipsa

452 1689 513 1728 re
530 1686 687 1744 atque
709 1680 886 1742 pisce:
919 1680 935 1707 ‘
957 1678 1208 1728 Nascitur
1230 1677 1390 1741 igitur
1406 1677 1512 1740 ani-

447 1754 575 1818 mal,
610 1752 938 1820 (Pelamydem
959 1751 1248 1818 intelligit,)
1286 1754 1337 1802 in
1375 1755 1512 1816 palu-

443 1830 602 1899 dibus
629 1819 919 1894 Maeotidis,
934 1836 991 1880 et
1024 1846 1140 1879 cum
1163 1832 1370 1894 paulum
1392 1830 1511 1879 ado·

449 1905 654 1967 leverit‚
672 1905 895 1969 erumpit
916 1919 1011 1970 per
1029 1905 1218 1954 ostium
1239 1904 1509 1970 gregatim,

453 1988 510 2030 et
531 1980 767 2030 defertur
788 1979 854 2030 ad
878 1980 1026 2031 littus
1050 1979 1359 2042 Asiaticum,
1379 1981 1509 2032 Tra-

449 2061 723 2121 pezuntem
746 2063 802 2105 et
818 2054 1157 2105 Pharnaciam
1179 2055 1378 2121 usqne?

443 2125 456 2194 f
516 2129 589 2179 Et
628 2132 782 2194 paulo
820 2137 939 2194 post
960 2147 973 2180 :
1024 2132 1041 2159 ⁴
1064 2131 1344 2196 Postquam
1390 2144 1510 2180 vero

439 2204 549 2269 jam
571 2206 811 2270 pervenit
831 2205 898 2257 ad
922 2207 1174 2269 Cyaneas,
1195 2213 1251 2256 et
1273 2206 1410 2270 ipsas
1431 2221 1511 2255 su-

450 2282 677 2346 peravit,
696 2296 762 2331 ex
781 2282 1236 2334 chalcedoniorum
1257 2284 1372 2344 ripa
1388 2281 1512 2331 inci-

450 2356 580 2407 dens
638 2363 791 2422 petra
839 2357 1073 2422 quaedam
1117 2357 1236 2406 alba
1281 2362 1511 2405 exterret

446 2432 736 2483 animantes
755 2449 771 2494 ;
801 2432 877 2483 ita
898 2440 956 2483 ut
972 2432 1148 2483 statim
1169 2433 1223 2482 in
1241 2433 1510 2483 adversam

452 2522 592 2558 oram
633 2524 689 2559 se
730 2514 1054 2559 convertant.
1138 2511 1209 2558 Et
1250 2509 1324 2558 ibi
1368 2506 1511 2559 fluxu

418 2584 608 2634 anatis
643 2585 983 2647 secundante,
1021 2585 1168 2634 simul
1205 2600 1323 2635 cum
1360 2585 1510 2647 locis,

451 2660 542 2725 qui
562 2675 654 2710 sua
674 2667 857 2710 natura
875 2661 1113 2724 ultroque
1131 2659 1413 2724 profluenti
1431 2661 1511 2710 illi

449 2734 728 2799 opportuni
751 2740 890 2800 sunt,
922 2734 1165 2784 adversus
1186 2736 1515 2800 Byzantium,

450 2817 508 2859 et
520 2809 655 2876 quod
671 2824 835 2874 prope
852 2817 931 2860 est
945 2809 1511 2875 promontorium,flexo

449 2899 717 2951 pronoque
738 2887 826 2936 illo
857 2884 1051 2937 fluento
1074 2888 1343 2951 undarum,
1364 2895 1511 2939 natu-

439 2961 631 3027 raliter
652 2962 753 3012 huc
773 2963 1067 3026 irrumpunt
1090 2964 1278 3026 pisces,
1303 2971 1357 3013 et
1378 2979 1511 3027 prae-

449 3034 586 3086 bent·
617 3036 885 3101 Byzantiis
947 3036 1240 3103 populoque
1278 3039 1510 3089 Romano

449 3110 706 3177 insignem
736 3113 997 3164 reditum.’
1465 3110 1472 3117 ’

514 3189 814 3255 Eademque
857 3204 924 3239 ex
976 3189 1258 3239 Aristotele
1298 3189 1510 3252 colliges

450 3264 490 3315 1.
512 3274 641 3329 vm.
679 3264 746 3313 de
781 3264 994 3317 historia
1030 3264 1319 3313 animalium
1353 3278 1403 3313 c.
1431 3267 1510 3314 13.

452 3339 679 3390 Pliniani
703 3339 896 3390 codicis
918 3340 1157 3390 mendam
1181 3354 1281 3388 non
1304 3339 1428 3388 sileo
1457 3339 1511 3389 in

449 3402 549 3466 ha'c
566 3416 877 3475 narratione,
899 3417 932 3466 l.
951 3429 1030 3464 rx.
1057 3418 1138 3465 15.
1175 3415 1191 3443 ‘
1216 3415 1314 3463 Est
1337 3415 1390 3463 in
1413 3415 1514 3464 Eu·

440 3492 600 3561 ,riposs
624 3493 718 3555 ait,
742 3496 758 3522 ⁴
781 3494 986 3542 Thracii
1017 3493 1289 3557 Bosphori,
1313 3494 1365 3541 in
1389 3491 1513 3556 ipsis

455 3569 711 3633 Europam
749 3569 1028 3634 Asiamque
1066 3569 1352 3637 separantis
1386 3568 1514 3618 freti

454 3645 724 3708 angustiis,
748 3661 928 3694 saxum
950 3644 1066 3693 miri
1089 3644 1344 3706 candoris,
1375 3659 1408 3692 a
1428 3659 1514 3693 va-

453 3718 521 3768 do
544 3720 610 3769 ad
633 3735 826 3769 summa
847 3723 1140 3784 perlucens,
1167 3712 1323 3784 jux'ta
1363 3720 1511 3769 Chal·

454 3795 702 3844 cedonem
738 3796 793 3845 in
828 3796 990 3845 latere
1028 3794 1181 3845 Asiae.
1251 3795 1423 3858 Hujus
1460 3809 1509 3843 a·

451 3879 636 3937 spectu
660 3880 876 3938 repente
895 3874 1085 3931 territi,
1103 3887 1310 3935 semper
1331 3872 1512 3920 adver-

373 3934 390 3953 *
453 3962 568 3998 snm
605 3948 843 4013 Byzantii
888 3949 1309 4012 promontorium,
1348 3961 1412 3994 ex
1451 3960 1514 3993 ea

454 4038 609 4074 causa
628 4026 944 4089 appellatum
959 4026 1315 4088 Chrysoceras,
1332 4021 1514 4086 praeci-

453 4099 556 4163 piti
596 4107 785 4164 petunt
825 4101 1049 4165 agmine.
1126 4101 1312 4162 Itaque
1356 4097 1515 4146 omnis

453 4181 673 4238 captura
692 4176 930 4240 Byzantii
964 4181 1064 4237 est,
1102 4189 1284 4239 magna
1305 4174 1519 4225 Chalce-

455 4248 604 4311 donis
635 4251 878 4316 penuria.
914 4249 1304 4317 ‚opperiuntur
1340 4255 1515 4299 autem

1595 763 1861 829 Aquilonis
1893 762 2095 839 flatum,
2125 769 2188 816 ut
2225 765 2469 818 secundo,
2489 764 2655 827 fluctu

1596 845 1787 890 exeant
1815 856 1846 889 e
1879 841 2086 890 Ponto:
2125 853 2227 891 nec
2262 841 2363 891 nisi
2399 841 2656 900 intrantes

345 969 350 975 Α.
431 947 436 955 -
449 935 584 984 pens.
634 919 947 970 Itascilicet
969 934 1051 968 res
1073 925 1172 968 est.
1230 919 1394 981 Copia
1413 920 1517 969 ista
1596 916 1839 980 Pontum,
1861 917 2104 980 Byzantii
2125 916 2438 981 capiuntur!
2477 918 2655 972 Quid?

1593 1006 1698 1043 non
1734 993 2040 1058 capiuntur,
2078 994 2183 1043 nisi·
2218 995 2472 1062 intrantes
2519 995 2658 1043 Pon-

1595 1070 1742 1118 tum?
1781 1073 1964 1117 contra
1987 1076 2107 1119 aute
2131 1069 2284 1133 dixit,
2315 1070 2433 1134 capi
2465 1084 2657 1124 exerm-

1592 1148 1674 1193 tes
1697 1160 1728 1194 e
1745 1144 1935 1207 Ponto,
1969 1160 2071 1196 nou
2092 1146 2379 1212 intrantesz
2414 1147 2553 1212 quod
2577 1162 2659 1208 ve.

1593 1220 1850 1270 tissimum
1871 1227 1971 1272 est.

1658 1294 1846 1360 Itaque
1868 1295 1955 1346 alii
1979 1296 2092 1347 vice
2133 1297 2291 1348 Ponti
2313 1296 2655 1362 Propontidem

1578 1371 1946 1434 'substituunt3
1979 1373 2263 1426 Pincianus
2290 1378 2455 1424 totum
2482 1374 2653 1424 locum

1592 1448 1837 1497 rescribit
1853 1449 2217 1513 confidentius,
2233 1464 2316 1502 nec
2335 1450 2431 1498 nisi
2448 1447 2657 1510 bisontes

1588 1528 1700 1574 tunc
1724 1526 1957 1590 Byzantii
1972 1528 2242 1592 cupiuntur.
2309 1528 2550 1578 Fortasse
2569 1542 2655 1577 ve-

1590 1602 1714 1662 rius,
1736 1602 2011 1665 simplicius
2034 1608 2199 1664 certe,
2217 1602 2449 1653 intr-mutes
2461 1607 2655 1667 portum

1589 1676 1837 1742 Byzantii,
1874 1685 1935 1727 ut
1956 1679 2022 1728 ad
2045 1678 2210 1742 ipsum
2232 1678 2480 1741 oppidum
2501 1685 2559 1728 et
2596 1680 2653 1736 in

1591 1758 1746 1816 portu
1764 1751 1923 1803 fuerit
1944 1769 2008 1804 ea
2029 1759 2265 1817 captura.

1657 1828 1791 1877 Nam
1815 1843 1978 1878 cornu
2010 1829 2162 1892 illud,
2183 1828 2247 1878 ad
2282 1828 2419 1895 quod
2449 1826 2652 1882 defere-

1589 1903 1799 1966 bantur,
1841 1903 1946 1954 fuit
2003 1903 2237 1969 προσεχὲς
2287 1908 2363 1966 τῷ.
2413 1903 2653 1974 Βυζαντίῳ

1587 1978 1740 2042 τείχει
1761 1997 1774 2029 z
1811 1980 1866 2029 id
1891 1986 1989 2042 est,
2007 1980 2277 2043 contiguum
2292 1980 2526 2048 Byzantii
2542 1996 2652 2034 m-

1587 2054 1744 2117 nibus,
1782 2061 1842 2106 ut
1878 2055 2064 2104 Strabo
2105 2056 2206 2105 ait:
2245 2056 2418 2117 immo,
2452 2061 2514 2105 nt
2543 2056 2653 2106 1³11·

1591 2125 1722 2194 nius,
1743 2131 1805 2195 ‚in
1838 2131 1951 2196 ipso
1989 2131 2076 2180 illo
2116 2132 2488 2195 promontorio,
2512 2131 2655 2197 quod

1593 2206 1766 2257 Cornu
1788 2213 1993 2270 vocant,
2024 2207 2333 2271 Byzantium
2354 2207 2492 2257 urbs.
2556 2206 2656 2256 At-

1592 2297 1691 2347 que
1724 2282 1796 2331 ibi
1818 2284 1871 2331 in
1895 2282 2082 2331 multos
2105 2282 2242 2330 sinus
2277 2283 2510 2343 scissum,
2542 2288 2654 2331 tan·

1591 2372 1745 2422 quam
1768 2371 1957 2418 ramos,
1980 2354 2045 2405 εἷς
2064 2355 2143 2405 οὓς
2175 2354 2467 2416 &perstrenue
2495 2355 2529 2416 ἡ
2556 2363 2654 2415 Πη-

1589 2430 1742 2494 avias
1764 2431 2026 2497 ἁλίσκεται,
2063 2432 2126 2482 Iu
2156 2447 2268 2498 quos
2298 2446 2538 2496 erumpens
2561 2432 2655 2482 Pe·
2706 2438 2715 2446 '

1588 2511 1740 2575 lamys
1770 2510 1975 2573 capitur,
2010 2508 2240 2559 faciebat
2275 2509 2392 2558 urbi
2425 2508 2503 2558 illi
2538 2523 2656 2573 por-

1590 2588 1718 2634 tum.
1785 2585 2088 2635 Strabonem
2110 2584 2248 2634 vide.

1653 2660 1741 2711 Ad
1775 2662 2151 2713 correctionem
2184 2669 2414 2712 nostram
2452 2669 2508 2712 et
2548 2662 2656 2712 exi-

1590 2741 1700 2786 tum
1724 2737 1943 2800 piscium
1965 2751 1996 2788 e
2017 2737 2209 2800 Ponto,
2229 2737 2355 2787 facit
2377 2738 2527 2789 valde
2544 2739 2655 2788 Sal·

1590 2812 1733 2862 lustii
1776 2814 1938 2876 locus,
1977 2814 2114 2877 apud
2153 2813 2386 2863 Servium
2417 2814 2452 2863 1.
2483 2826 2560 2864 lv·
2598 2821 2655 2863 et

1591 2888 1857 2939 Juvenalis
1888 2889 2228 2952 interpretem
2260 2889 2370 2937 Sat.
2395 2902 2465 2939 tv·
2495 2889 2512 2916 ‘
2536 2888 2655 2940 Qua

1593 2970 1911 3027 tempestate
1944 2965 2162 3029 plscium
2209 2965 2285 3015 vis
2327 2965 2501 3014 Ponto
2537 2979 2652 3015 eru-

1593 3038 1707 3102 pit.’
1773 3040 1983 3104 Tamen,
2022 3056 2087 3093 ne
2109 3041 2299 3090 callide
2321 3041 2653 3102 dissimulem,

1591 3115 1848 3180 vulgatam
1875 3118 2149 3167 lectionem
2172 3119 2242 3167 D.
2260 3115 2562 3166 Ambrosius
2584 3115 2658 3166 af·

1591 3189 1797 3241 firmare
1821 3191 2042 3253 videtur,
2066 3192 2290 3242 Hexam.
2314 3206 2370 3240 v.
2393 3195 2475 3241 10.
2501 3191 2518 3218 ‘
2539 3189 2656 3240 Pis·

1593 3267 1714 3331 ces,'
1752 3268 1941 3332 inquit,
1971 3269 1987 3296 ‘
2007 3282 2073 3316 ex
2106 3267 2335 3330 plurimis
2358 3267 2501 3328 locis,
2524 3281 2556 3315 a
2577 3266 2654 3315 di-

1592 3357 1742 3392 verso
1787 3343 1898 3391 sinu
1956 3342 2130 3404 maris,
2184 3341 2456 3403 innumeri,
2510 3341 2654 3390 velut

1594 3419 1848 3468 communi
1886 3417 2098 3483 consilio
2123 3418 2512 3477 convenientes,
2534 3429 2655 3485 con·

1585 3495 1772 3560 juncto
1815 3494 2015 3557 agmine
2057 3491 2208 3543 flatus
2259 3490 2525 3555 Aquilonis
2565 3502 2654 3559 pe·

1595 3576 1732 3632 tunt,
1771 3578 1825 3618 et
1871 3570 1937 3618 ad
1980 3568 2107 3617 illud
2151 3564 2653 3630 Septemtrionalinm

1591 3661 1736 3705 mare
1773 3647 2019 3709 partium,
2055 3644 2272 3709 quadam
2294 3650 2493 3690 naturae
2516 3640 2654 3706 lege,
2704 3670 2709 3675 -

1592 3721 1926 3772 contendunt.
2008 3721 2184 3781 Dicas,
2228 3719 2272 3768 si
2307 3717 2654 3771 ascendentes

1593 3798 1789 3860 videas,
1827 3799 2035 3847 rheuma
2080 3794 2332 3861 quoddam
2378 3809 2528 3843 esse:
2579 3793 2658 3865 ita

1593 3881 1863 3937 proruunt,
1882 3872 2171 3939 fluctusque
2202 3873 2538 3930 intersecant,
2559 3883 2657 3934 per

1594 3949 1973 4012 Propontidem
2025 3949 2078 3998 in
2123 3950 2382 3998 Euxinum
2425 3948 2655 3997 Pontum

1595 4024 1822 4073 violento
1866 4025 2063 4088 impetu
2113 4022 2464 4087 profluentes)
2548 4021 2654 4071 Sed

1595 4115 1715 4149 mox
1740 4100 1904 4160 addit,
1923 4101 2194 4164 ingruente
2215 4101 2418 4163 hyeme,
2439 4104 2494 4146 et
2516 4102 2657 4162 post·
2730 4142 2734 4146 .

1596 4189 1746 4239 quam
1769 4175 1841 4223 ibi
1860 4174 2266 4238 foetificaverint,
2296 4175 2546 4224 immenso
2566 4184 2656 4235 ag-

1593 4250 1733 4300 mine
1754 4249 1980 4314 regredi.
2030 4249 2166 4300 Vide
2178 4248 2370 4327 locum,
2385 4254 2443 4298 et
2461 4251 2656 4296 utram·
