3100 4925
484 393 659 462 1886
1202 411 1270 458 c.
1309 410 1671 460 connitur
1715 409 1970 459 ‘uerri
2352 414 2678 479 [munos.

487 573 610 638 per
650 552 955 618 tenebras
1005 569 1423 634 congressus,
1452 552 1620 615 mori
1669 551 1972 615 adactus.
2061 551 2449 618 Histriones
2477 552 2683 621 Italia

486 655 689 740 pulsi.
776 653 884 719 26.
926 654 1034 719 27.
1078 650 1327 717 Actum
1385 652 1466 714 de
1538 652 1790 716 libertis
1845 653 2122 733 ingratis
2176 654 2247 716 in
2306 656 2683 720 servitutem

484 755 904 829 revocandis,
951 754 1067 820 sed
1114 773 1245 816 non
1298 758 1659 836 peractum.
1745 754 1854 819 28.
1898 752 2341 818 Tribunorum
2385 762 2454 820 et
2482 755 2678 820 AEdi-

488 856 650 920 lium
708 856 1002 920 cohibita
1059 860 1375 937 potestas.
1484 854 1595 918 29.
1672 854 1921 916 AErarii
1979 873 2139 917 cura
2189 856 2371 917 varie
2433 857 2683 922 habita.

487 958 600 1022 30.
643 959 750 1023 31.
796 958 1155 1022 Illustrium
1203 956 1459 1038 aliquot
1505 954 1982 1018 damnationes.
2071 955 2148 1018 L.
2177 955 2500 1020 Volusius
2544 957 2682 1023 fato
2760 1025 2773 1036 ,

488 1059 811 1123 concedit.
899 1055 1467 1141 Amphitheatrum
1499 1054 1812 1119 Neronis.
1901 1056 2233 1122 Praesides
2272 1057 2466 1122 ludos
2489 1058 2685 1124 edere

488 1159 819 1246 prohibiti.
935 1160 1043 1223 32.
1111 1158 1290 1222 Vitae
1351 1156 1761 1221 dominorum
1811 1160 2199 1223 consultum.
2318 1159 2685 1242 Pomponia

492 1259 828 1338 Graecina,
856 1259 1347 1343 superstitionis
1374 1265 1667 1324 externae
1707 1279 1842 1336 rea,
1871 1260 2097 1323 insons
2136 1262 2488 1324 nuntiatur.
2572 1260 2681 1328 33.

493 1358 626 1425 Rei
655 1360 738 1425 P.
772 1360 985 1438 Celer,
1019 1359 1454 1425 Cossutianus
1486 1359 1752 1450 Capito,
1779 1360 2025 1444 Eprius
2057 1360 2441 1426 Marcellus,

576 1463 692 1528 34.
739 1462 1072 1527 Messalla
1101 1461 1373 1540 Consul,
1399 1461 1684 1526 Neronis
1710 1462 2096 1527 liberalitas.
2184 1463 2289 1527 35.
2322 1461 2491 1526 Cum
2520 1461 2685 1525 Par-

493 1563 624 1627 this
668 1551 890 1628 rursus
931 1564 1275 1629 discordia
1309 1562 1400 1626 de
1439 1561 1779 1628 Armenia.
1868 1559 2264 1626 Corbulonis
2308 1562 2683 1645 disciplina,

494 1664 729 1742 πάι-ωε,
760 1665 1096 1731 severitas.
1183 1666 1292 1730 36.
1339 1665 1621 1730 Pactius
1671 1663 2012 1748 Orphitus,
2063 1669 2292 1728 contra
2338 1663 2686 1745 imperium

493 1784 793 1848 pugnans
822 1766 1142 1851 fususque
1169 1774 1360 1833 extra
1387 1767 1635 1831 vallum
1658 1766 1915 1830 tendere
1935 1765 2193 1860 jussus.
2278 1764 2386 1828 37.
2428 1763 2688 1827 Tirida·-

493 1871 595 1932 tes
631 1867 809 1932 bello
857 1867 1146 1933 infensat
1163 1867 1573 1946 Armeniam,
1597 1870 1850 1951 legatos
1879 1866 1965 1931 ad
1991 1865 2436 1931 Corbulonem
2460 1863 2685 1940 mittit,

492 1967 604 2032 38.
649 1970 768 2050 qui
813 1968 1109 2033 fraudem
1166 1971 1296 2033 sibi
1352 1990 1472 2054 per
1528 1969 1936 2053 colloquium
1992 1972 2292 2052 paratam
2348 1964 2579 2042 eludit,
2621 1970 2689 2028 et

493 2067 775 2132 39-41.
827 2067 1155 2132 Armeniae
1206 2071 1483 2134 castella
1542 2069 1745 2153 capit,
1790 2065 2120 2133 Artaxata
2164 2065 2552 2148 aggreditur,
2576 2070 2685 2144 et,

497 2168 849 2233 decedente
885 2171 1096 2246 hoste,
1124 2171 1342 2254 capit,
1360 2172 1506 2253 igne
1540 2170 1738 2235 delet.
1827 2169 1937 2234 Ob
1964 2170 2113 2238 haec
2136 2166 2387 2231 Neroni
2436 2171 2505 2230 et
2530 2164 2686 2229 Diis

494 2268 804 2335 honores.
889 2271 1000 2342 42.
1046 2271 1127 2334 P.
1175 2270 1427 2335 Suilius
1477 2290 1630 2335 reus
1676 2271 1749 2334 in
1799 2269 2117 2335 Senecam
2167 2266 2510 2345 invehitur,
2579 2264 2689 2330 43.

497 2367 893 2458 deportatur.
977 2374 1085 2437 44.
1130 2371 1453 2438 Octavius
1499 2373 1758 2457 Sagitta
1817 2390 2039 2463 amore
2089 2387 2322 2436 vecors
2373 2366 2691 2442 Pontium

496 2458 1026 2552 tergiversantem
1054 2473 1226 2538 ferro
1253 2474 1758 2540 transverberat.
1849 2472 2098 2536 Liberti
2135 2471 2307 2536 mira
2331 2466 2518 2533 fides.

580 2572 691 2649 45.
737 2572 1114 2657 Poppaeam
1143 2573 1461 2637 Sabinam
1485 2593 1709 2639 amare
1737 2572 1922 2638 Nero
1965 2573 2238 2657 occipit.
2327 2571 2537 2635 Istius
2579 2590 2690 2656 ge-

496 2691 646 2752 nus,
702 2671 937 2752 forma,
984 2693 1173 2759 opeS,
1218 2694 1457 2756 moreS‚
1505 2676 1949 2753 matrimonia,
1999 2674 2279 2739 adulter.
2345 2671 2472 2737 ‘46.
2518 2672 2691 2758 Ejus

495 2773 777 2840 maritus
829 2774 1031 2855 Otho,
1082 2781 1159 2841 ut
1228 2781 1633 2854 amoveatur,
1680 2774 2049 2843 Lusitaniae
2108 2769 2493 2859 praeficitur.
2574 2775 2668 2838 47
2674 2767 2719 2838 .’

498 2872 697 2939 Corn.
719 2875 931 2960 Sylla,
953 2876 1248 2961 Principi
1274 2883 1652 2961 suspectus,
1675 2874 2054 2943 Massiliam
2079 2878 2375 2942 mittitur.
2416 2877 2527 2942 48.
2553 2874 2690 2940 Pu·

495 2977 690 3040 teolis
745 2976 1107 3042 concordia
1161 2978 1482 3044 restituta.
1568 2981 1682 3045 49.
1754 2980 1864 3046 De
1916 2968 2194 3045 numero
2251 2976 2733 3071 gladiatorum·

497 3075 851 3159 Syracusis
904 3078 1302 3144 edendorum
1355 3080 1777 3166 disceptatio·
1863 3081 2181 3149 Thraseae
2214 3078 2388 3145 Paeti
2438 3077 2690 3164 opinio.

496 3177 606 3241 50.
649 3176 1027 3262 Vectigalia
1052 3185 1285 3247 contra
1313 3181 1599 3247 Neronis
1646 3184 1966 3267 impetum
1995 3187 2267 3247 retenta.
2352 3180 2460 3246 61.
2503 3178 2691 3243 Puba·

496 3276 866 3345 licanorum
892 3279 1204 3369 iniquitas
1232 3289 1620 3368 temperata.
1705 3284 1814 3349 52.
1860 3283 2304 3353 Proconsules
2351 3278 2448 3346 rei
2493 3276 2691 3371 abs'o'-

579 3479 691 3546 53.
735 3481 815 3546 L.
840 3481 1059 3550 Vetus
1104 3505 1236 3570 ope
1267 3486 1573 3553 Mosellae
1606 3494 1672 3552 et
1699 3486 1933 3552 Araris
1962 3485 2264 3550 Rhenum
2291 3504 2444 3550 cum
2473 3482 2692 3547 Ocea-

496 3599 582 3645 no
592 3581 867 3666 jungere
894 3592 1110 3668 parat.
1198 3586 1440 3652 Obstat
1461 3588 1625 3653 AElii
1654 3588 1948 3656 Gracilis
1975 3585 2250 3651 invidia.
2338 3586 2447 3650 54.
2491 3580 2693 3648 Frisii

486 3681 691 3764 juxta
720 3684 1024 3750 Rhenum
1054 3687 1248 3752 sedes
1287 3689 1482 3772 figere
1526 3688 1771 3754 frustra
1817 3684 2160 3754 conantur.
2245 3688 2356 3750 55.
2400 3680 2690 3751 Eosdem

497 3796 691 3863 agros
733 3782 1076 3852 Ansibarii
1122 3797 1451 3873 occupant
1495 3790 1634 3856 fato
1684 3791 1935 3856 eodem.
2020 3790 2131 3854 56.
2177 3788 2483 3854 Boiocali
2530 3805 2692 3851 con-

399 3966 404 3973 ,
496 3885 763 3949 stantia.
848 3886 1191 3954 Ansibarii
1237 3890 1453 3977 deleti.
1538 3893 1652 3958 57.
1700 3892 1879 3958 Catti
1925 3892 2011 3959 ab
2043 3888 2526 3955 Hermunduris
2554 3886 2690 3952 fere

497 3984 584 4083 ad
635 3986 914 4052 exitium
969 3989 1182 4072 gentis
1239 3982 1425 4058 caesi.
1514 3993 1714 4076 Ignes
1759 3998 1934 4058 terra
1977 3991 2142 4056 editi
2194 3990 2315 4061 vix
2358 3987 2697 4076 oppressi.

496 4086 604 4187 58.
649 4086 859 4154 Ficus
889 4090 1287 4157 Ruminalis.
1373 4093 1587 4160 Gesta
1611 4096 1762 4162 haec
1792 4093 1987 4160 annis
2018 4097 2323 4180 quatuor,

670 4206 826 4259 ml’.
870 4208 1202 4261 mammo
1247 4213 1590 4263 NERONE.
1673 4214 1740 4263 1..
1786 4210 2145 4265 ANTISTIO
2193 4207 2492 4263 VETERE
