3100 4925
391 424 667 489 &ubal
714 487 720 490 μ
1106 416 1522 467 Auum-um
1571 414 1944 472 umam.

2418 404 2593 486 1⁶21-

391 562 651 645 agendi,
699 559 1013 644 religione
1056 558 1276 637 insita,
1303 590 1310 596 ·
1339 564 1360 593 ‘
1388 578 1505 623 eos
1564 557 1861 624 maxime
1914 559 2104 628 locos
2149 561 2594 645 propinquare

392 664 618 740 coelo,v
643 678 1010 746 precesque
1034 659 1410 723 mortalium
1430 678 1475 723 a
1498 658 1667 724 Deis
1684 672 2010 742 nusquam
2028 662 2304 744 propius
2333 661 2592 727 audiri.³

392 763 584 843 Inde,
630 761 1038 846 indulgentia
1085 760 1510 837 Numinum,w
1556 761 1671 823 illo
1715 761 1785 823 in
1833 780 2023 825 amne
2070 761 2333 845 illisque
2361 762 2599 846 sylvis*

393 866 633 931 salem*
660 864 1028 947 provenire,
1074 882 1229 940 non,
1280 871 1354 927 ut
1393 864 1563 926 alias
1615 860 1795 947 apud
1842 867 2088 944 genteS,
2128 862 2343 928 eluvie
2391 863 2595 950 marie

392 1042 536 1092 suam
555 1042 808 1104 ferociam,
828 1057 983 1091 omns
1014 1041 1354 1091 controversias
1391 1043 1541 1092 armis
1570 1040 1840 1105 dirimendi,
1863 1042 2020 1091 etiam
2053 1043 2383 1105 superstitione
2425 1041 2601 1104 indita,

397 1119 487 1155 eas
510 1107 776 1169 praecipue
811 1111 978 1155 terras
1015 1107 1328 1170 propinquas
1360 1107 1512 1155 astris
1543 1120 1674 1168 esse,
1694 1112 1920 1167 votaque
1941 1106 2202 1155 hominum
2224 1106 2408 1156 nullibi
2430 1121 2461 1156 a
2483 1106 2603 1156 Diis

387 1171 608 1233 propius
653 1170 902 1219 exaudiri.
968 1170 1106 1218 Hinc
1133 1170 1366 1220 Deorum
1405 1171 1748 1234 benignitate,
1773 1169 1825 1217 in
1848 1170 1934 1217 illo
1956 1167 2163 1220 flumine
2191 1170 2393 1235 illisque
2426 1183 2625 1218 nemo·

394 1232 535 1283 ribus
558 1234 698 1297 gigni
719 1235 897 1298 salem,
917 1248 1016 1283 non
1038 1241 1098 1284 ut
1118 1234 1258 1297 apud
1289 1235 1415 1284 alios
1436 1237 1654 1297 populos
1687 1234 1993 1297 purgatione
2015 1234 2187 1297 maris,
2209 1247 2344 1299 aqua
2369 1234 2496 1284 solis
2517 1247 2598 1284 ar-

1265 1366 1281 1381 ·
1326 1373 1681 1393 eueeeeeoeee

398 1466 430 1511 4
460 1460 546 1512 Sic
577 1461 712 1509 bene
749 1459 1066 1509 Puteolanus
1090 1466 1147 1509 et
1177 1460 1512 1510 recentiores·
1580 1460 1641 1509 In
1672 1461 1802 1510 Mss.
1841 1461 1978 1513 Flor.
2002 1462 2149 1511 Harl.
2169 1427 2323 1513 Bodl.
2349 1460 2524 1512 Guelf.
2545 1465 2603 1510 et

399 1525 624 1574 editione
643 1523 896 1589 principe,
907 1525 1023 1573 item
1030 1525 1293 1589 provenire.
1314 1526 1640 1573 Brotier.—5
1661 1524 1932 1591 Arescente,
1955 1529 2035 1576 sed
2056 1529 2201 1590 undu,
2219 1526 2506 1577 Brotierus.
2542 1524 2607 1574 Iu

1404 1644 1618 1694 NOTAE

369 1783 376 1788 ⁴
400 1739 737 1804 persuaseris,
772 1754 923 1804 qnam
956 1754 1143 1790 vocare
1177 1740 1370 1803 hostes,
1403 1745 1459 1789 et
1608 1744 1790 1791 Cuncta
1808 1743 1977 1806 armis]
1996 1742 2227 1808 Negotia
2246 1743 2419 1792 omnia
2441 1747 2607 1792 trans-¹

399 1819 618 1867 vulnera
650 1818 858 1867 mereri.
923 1818 1139 1881 Pigrum
1161 1818 1282 1882 quin
1302 1818 1458 1867 immo
1537 1816 1714 1879 igendi
1747 1817 1902 1880 bello,
1920 1817 2163 1883 ferroque
2184 1817 2454 1868 dirimendi
2487 1817 2608 1867 lites

403 1902 459 1946 et
495 1897 635 1948 iners
677 1893 904 1956 videtur,
954 1894 1139 1944 sudore
1182 1895 1464 1959 acquirere,
1540 1904 1680 1951 suas,
1701 1890 1768 1939 de
1788 1891 1968 1941 Germ.
1991 1895 2074 1941 22.
2108 1892 2123 1919 6
2145 1890 2231 1940 Ad
2260 1891 2488 1956 negotia,
2509 1905 2611 1940 nec

403 1971 542 2036 quod
565 1971 729 2034 possis
752 1969 1001 2033 sauguine
1025 1970 1245 2033 parare.’
1541 1964 1709 2014 mium
1745 1980 1886 2029 δῶρα
1931 1967 1999 2016 ad
2037 1968 2278 2018 convivia
2314 1967 2611 2031 procedunt

366 2036 370 2039 ’
469 2045 609 2098 Ibid.
642 2051 692 2096 7.
733 2047 748 2074 6
772 2044 855 2095 Ad
878 2050 1091 2109 matres,
1109 2045 1176 2095 ad
1200 2045 1462 2110 conjuges,
1543 2039 1767 2103 armati,’
1791 2042 1892 2091 ὅτε.
1927 2041 1943 2069 6
1969 2040 2182 2091 Crebrae
2214 2048 2275 2091 ut
2306 2043 2446 2091 inter
2466 2042 2610 2091 vino·

405 2117 621 2171 vulnera
661 2119 858 2182 ferunt,
899 2134 998 2170 nec
1051 2121 1156 2170 illae
1194 2135 1466 2171 numerare
1544 2115 1714 2164 lentos
1767 2116 1917 2179 rixae,
1961 2131 2082 2166 raro
2118 2117 2384 2181 conviciis,
2418 2118 2611 2180 saeplus

404 2203 500 2245 aut
537 2195 747 2259 exigere
784 2196 963 2259 plagas
1003 2201 1200 2258 pavent
1219 2195 1252 2245 :'
1284 2196 1466 2245 melin.
1548 2189 1696 2239 caede
1719 2197 1778 2240 et
1801 2192 2094 2242 vulneribus
2118 2192 2475 2255 transiguntur
2497 2192 2525 2243 :'
2556 2197 2613 2243 et

405 2285 647 2332 exsugere.
678 2269 883 2321 Armati
898 2271 1056 2320 etiam
1071 2271 1284 2321 consilia
1299 2271 1469 2335 publi·
1547 2279 1597 2314 c.
1619 2270 1703 2315 21.
1723 2266 1738 2293 6
1761 2267 2155 2329 periculosiores
2183 2273 2305 2320 sunt
2325 2266 2612 2331 inimicitiae

410 2359 471 2396 ea
490 2345 722 2410 agitant:
756 2359 874 2395 nam
908 2344 1035 2396 ibid.
1056 2360 1101 2396 c.
1125 2351 1204 2397 12.
1242 2347 1257 2375 ‘
1280 2347 1335 2396 Si
1358 2349 1470 2411 pla·
1540 2343 1700 2407 juxta
1717 2343 2054 2395 libertatem!

407 2424 518 2476 cuit
553 2422 831 2485 sententia,
871 2420 1092 2473 frameas
1146 2424 1467 2475 concutiunt.
1614 2427 1638 2451 V
1670 2420 1998 2484 Propinquare
2042 2419 2177 2483 coelo]
2222 2420 2382 2470 Forte
2426 2419 2502 2470 sic
2544 2418 2612 2488 ob

408 2499 874 2559 Honoratissimum
912 2513 1147 2549 assensus
1192 2514 1351 2563 genus
1387 2506 1471 2550 est
1547 2495 1760 2562 fastigia
1773 2498 2025 2549 montium
2041 2500 2402 2565 sylvarumque
2421 2514 2437 2547 ε
2471 2496 2615 2548 forte

408 2576 562 2626 armis
592 2575 807 2625 laudare
828 2573 860 2624 :’
897 2582 953 2629 et
974 2589 1026 2624 c.
1050 2578 1132 2624 18.
1167 2576 1183 2602 6
1210 2576 1354 2626 Nihil
1382 2591 1471 2624 au·
1552 2575 1672 2638 quia
1693 2589 1857 2639 prope
1872 2582 2056 2639 gentes
2072 2576 2184 2625 illas
2204 2580 2448 2639 aspectus
2469 2573 2617 2625 finie-

406 2659 537 2715 tem,
575 2666 744 2717 neque
778 2650 1015 2714 publicae,
1047 2666 1215 2716 nequo
1253 2653 1472 2716 privatae
1552 2649 1708 2699 batur
1727 2652 1859 2702 coelo
1880 2658 1938 2702 et
1959 2665 2191 2712 oeean03
2233 2657 2290 2700 et
2313 2650 2402 2700 ubi
2423 2650 2617 2701 desinit

406 2728 506 2788 rei,
528 2727 628 2777 nisi
649 2727 832 2776 armati
854 2725 1050 2790 agunt!

477 2803 602 2866 Ipsa
624 2804 781 2852 etiam
802 2802 1128 2852 matrimonia
1143 2803 1475 2853 celebrantur

413 2878 569 2929 armis
605 2884 664 2927 et
700 2878 835 2926 inter
873 2891 1048 2926 arma:
1118 2877 1245 2929 ibid.
1300 2893 1349 2927 c.
1396 2881 1477 2928 18.

408 2953 638 3003 ‘Dotem
673 2967 775 3003 non
814 2967 947 3001 uxor
983 2952 1185 3015 marito,
1204 2953 1294 3003 sed
1327 2953 1479 3003 uxori

413 3030 630 3077 maritus
670 3025 842 3076 offert.
921 3027 1192 3077 Intersunt
1230 3033 1477 3090 parentes

359 3130 368 3136 ·
414 3116 471 3156 et
498 3102 792 3169 propinqui,
803 3118 865 3153 ac
885 3117 1097 3152 munera
1115 3103 1356 3165 probant,
1370 3117 1478 3153 ruu-

357 3184 366 3189 ’
391 3186 542 3230 'nera
562 3193 664 3229 non
686 3179 754 3228 ad
793 3179 1025 3239 delitzias'⁴
1046 3178 1319 3229 muliebres
1341 3194 1479 3244 quae-

413 3256 535 3318 sita,
554 3268 653 3305 nec
675 3254 856 3320 quibus
881 3268 1015 3305 nova
1037 3260 1200 3317 nupta
1222 3259 1480 3317 comatur,

414 3330 509 3394 sed
550 3330 707 3380 boves
752 3335 808 3379 et
845 3328 1117 3379 froenatum
1160 3343 1370 3393 equum,
1425 3336 1481 3379 et

415 3411 622 3455 scutum
664 3418 779 3454 cum
817 3402 1011 3454 framea
1044 3403 1334 3468 gladioque.
1413 3405 1477 3454 In

414 3480 531 3529 haec
572 3484 788 3529 munera
828 3494 958 3528 uxor
995 3479 1270 3544 accipitur,
1318 3487 1477 3545 atque

412 3555 639 3605 invicem
674 3554 785 3618 ipsa
831 3568 1088 3604 armorum
1127 3554 1320 3621 aliquid
1365 3557 1475 3606 viro

415 3628 585 3681 affert.
630 3630 749 3680 Hoc
770 3630 1047 3683 maximum
1069 3630 1349 3694 vinculum,
1364 3632 1478 3682 hoec

416 3719 609 3756 arcana
658 3720 822 3770 sacra,
862 3706 956 3756 hos
998 3706 1294 3771 conjugales
1336 3709 1481 3758 Deos

418 3780 776 3833 arbitrantur.'
1147 3832 1164 3847 ,

487 3857 701 3908 Utinam
743 3856 999 3908 referatur
1034 3858 1123 3907 ille
1162 3872 1273 3908 mos
1312 3859 1482 3908 Gallis

322 3975 328 3981 .
419 3933 628 3995 nostris,
648 3948 742 3997 pro
778 3933 1024 3983 immensa
1057 3934 1147 3983 illa
1186 3939 1484 3999 aeternaque

419 4008 591 4059 litium
621 4013 678 4057 et
716 4007 1010 4058 tabularum
1032 4009 1270 4071 colluvie,
1301 4010 1485 4074 quibus

421 4082 695 4147 plebecula
763 4083 1080 4147 deglubitur,
1143 4084 1484 4149 omnibusque

420 4155 646 4209 fortunis
666 4156 1019 4223 subvertituu
1060 4171 1282 4223 quaeque
1304 4172 1486 4222 pacem

425 4230 564 4282 bello
586 4231 741 4297 longe
761 4230 1217 4284 intolerabiliorem
1236 4239 1473 4299 praestat.

1552 2725 1695 2775 orbis
1714 2731 1974 2790 terraque,
1993 2727 2065 2776 ibi
2089 2727 2278 2776 coelum
2301 2740 2468 2789 prope
2489 2726 2619 2776 inci·

1554 2812 1684 2863 pere
1701 2798 1924 2848 videtur.
2524 2807 2535 2815 ·

1622 2873 1778 2922 Forte
1795 2880 1852 2926 et
1868 2872 1937 2924 ob
1959 2874 2330 2938 indulgentiam
2353 2875 2620 2925 numinum

1556 2947 2052 3013 foecunditatemque
2074 2949 2216 3013 salis,
2248 2965 2352 3014 quo
2378 2965 2482 2999 non
2513 2964 2620 2999 ma-

1549 3024 1642 3088 jus
1665 3023 1854 3074 donum
1875 3039 1943 3074 ex
1976 3025 2107 3074 coelo
2139 3025 2294 3076 datur
2315 3025 2622 3083 necessitati

1557 3100 1812 3151 humanae.

1622 3180 1655 3204 w
1676 3174 1982 3235 Indulgentia
2005 3175 2289 3238 Nimirum]
2323 3176 2621 3227 Observant

1562 3249 1718 3297 talem
1754 3248 2126 3314 indulgentiam
2159 3263 2253 3300 seu
2286 3252 2509 3301 numinis
2532 3252 2624 3301 be-

1557 3324 1885 3387 nignitatem,
1916 3325 1969 3374 in
2004 3325 2264 3389 privatum
2300 3340 2449 3376 usum
2483 3333 2626 3377 trac-

1559 3408 1687 3463 tam,
1707 3407 1798 3449 aut
1824 3400 2033 3450 tributis
2050 3407 2337 3464 oneratam,
2359 3401 2634 3452 intel-duur

1558 3476 1843 3537 evanuisse,
1863 3481 1920 3524 et
1956 3489 2015 3525 se
2038 3476 2353 3526 subtraxisse
2383 3477 2525 3526 velut
2545 3478 2624 3529 in·

1559 3550 1758 3613 dignis3
1790 3564 1892 3599 non
1911 3550 2020 3600 sine
2054 3550 2323 3614 miraculo,
2344 3559 2435 3602 aut
2456 3552 2626 3617 provi·

1560 3626 1740 3675 dentia
1763 3624 2062 3689 praecipua3
2109 3626 2186 3675 sic
2221 3626 2438 3691 quisque
2462 3642 2520 3678 se
2537 3641 2626 3680 ea-

1562 3715 1674 3751 rnm
1692 3702 1821 3750 coelo
1841 3699 1999 3751 facile
2016 3699 2182 3763 fingit.

1625 3782 1653 3808 ¹
1687 3776 1877 3839 Illisque
1907 3774 2077 3839 sylvis]
2126 3776 2259 3826 Nou*
2291 3776 2391 3828 alia
2411 3777 2626 3841 templa,

1562 3865 1665 3900 non
1699 3850 1802 3899 alia
1839 3849 2075 3911 delubra,
2113 3858 2204 3899 aut
2228 3853 2371 3901 Deos
2413 3853 2624 3911 coluere

1564 3931 1768 3976 veteres
1790 3924 2050 3975 Germani.
2075 3924 2190 3975 Lib.
2215 3925 2280 3974 de
2298 3940 2426 3976 mor.
2448 3925 2627 3976 Germ.

1564 4006 1616 4050 9.
1665 4002 1680 4028 6
1705 4002 1821 4051 Nec
1862 4001 2108 4051 cohibere
2146 4001 2441 4063 parietibus·
2460 4001 2629 4065 Deos,
2684 4000 2697 4015 ⁸

1523 4114 1532 4119 ,
1565 4092 1734 4141 neque
1767 4077 1821 4126 iu
1841 4078 2001 4127 ullam
2036 4077 2242 4126 humani
2267 4076 2370 4126 oris
2395 4077 2628 4140 speciem

1565 4153 1887 4216 assimulare,
1946 4167 2013 4202 ex
2055 4151 2433 4216 magnitudine-
2445 4153 2628 4204 eoeles·

1566 4229 1695 4280 tium
1735 4227 2083 4291 arbitrantur3
2130 4228 2275 4280 lucos
2310 4242 2372 4280 ae
2416 4242 2629 4281 nemora
