3100 4925
475 386 732 455 1396'

1189 402 1256 449 G.
1293 398 1664 449 CORNELII
1713 400 1968 450 'rael‘rl

2366 404 2462 474 [Α.
2483 403 2553 458 υ.
2572 365 2690 458 soe.
2732 450 2738 453 Α

473 546 836 630 Propalam
893 539 1143 612 tamend
1197 564 1425 609 omnes
1483 543 1555 610 in
1606 563 1755 609 eam
1810 544 2101 612 honores·
2146 546 2680 627 cumulabantur,

472 649 885 730 signumque,
916 665 1096 711 more
1141 647 1448 725 militiae:
1495 650 1742 731 petenti
1784 648 2087 714 Tribuno
2124 647 2331 726 dedit,
2377 664 2687 716 or'rmae

467 793 738 860 superabat,
756 798 830 846 sui
852 795 1008 845 odium
1025 796 1279 847 excitarat.
1342 796 1544 847 Publice
1578 801 1736 846 tamen
1757 797 1913 846 omnia
1932 798 1984 846 in
2004 802 2204 846 matrem
2222 799 2388 846 decora
2410 793 2691 858 conger-ebor

470 862 635 925 Nero,
671 861 946 926 signumque
994 862 1259 926 matulanti
1302 862 1492 912 tribuno
1533 863 1626 926 (ut
1667 861 1777 912 belli
1820 875 1921 911 mos
1960 861 2068 925 est)
2104 862 2336 926 praebuit,
2376 862 2690 918 OPTIME.

1478 1006 1691 1056 NOTAE

470 1117 618 1167 vultu
640 1112 730 1179 qui
754 1112 1004 1179 praeferat
1023 1113 1173 1177 ipso.’

536 1190 807 1243 Quomodo
837 1204 939 1239 non
965 1203 1212 1253 arrogans
1230 1193 1538 1252 procurator

468 1268 576 1329 hic,
600 1266 688 1331 qui
709 1267 791 1316 22.
806 1265 1061 1314 milliones
1084 1264 1395 1329 possideret,
1413 1267 1429 1293 ‘
1449 1266 1537 1329 qui

469 1357 622 1407 pares
642 1341 873 1391 rationes
896 1355 1012 1390 cum
1035 1341 1237 1404 Repub.
1258 1341 1480 1391 haberet
1498 1340 1535 1390 ?'

468 1417 718 1470 Nonnulli
755 1423 968 1466 vertunt
1002 1417 1317 1479 severitatem,
1349 1431 1535 1481 perpe-

467 1508 598 1546 ram.
650 1494 771 1544 Non
795 1491 933 1541 enim
952 1506 1016 1544 ea
1035 1491 1319 1541 severitate
1337 1491 1536 1555 Pallas,

470 1585 589 1636 quae
612 1569 773 1619 virtus
813 1576 902 1619 aut
937 1569 1227 1619 constantia
1260 1570 1418 1618 animi
1447 1571 1537 1632 sit,

466 1646 561 1695 sed
593 1642 696 1695 fuit
734 1644 949 1696 tristitia
969 1659 1190 1707 morum,
1213 1644 1445 1708 pravitas
1479 1650 1535 1694 et

465 1722 848 1785 importunitas,
872 1727 932 1770 ut
953 1721 1006 1769 in
1030 1720 1123 1770 tali
1142 1720 1364 1770 homine.

532 1796 557 1832 ‘¹
587 1797 843 1861 Propalum
865 1794 1047 1859 tamen]
1111 1795 1256 1852 Clam
1295 1794 1540 1846 retunde-

465 1873 622 1923 batur
678 1872 924 1936 superbia
966 1871 1294 1935 Agrippinae,
1338 1872 1537 1921 artibus

465 1948 797 2011 consiliisque
834 1947 1026 1996 Bnrrhi
1067 1962 1129 1996 ac
1164 1947 1396 2010 Senecae,
1417 1962 1535 1997 cum

465 2026 640 2087 palam
675 2028 851 2071 tamen
888 2036 1065 2071 omnes
1087 2023 1304 2070 honores
1335 2022 1388 2071 in
1422 2036 1533 2071 eam

465 2098 604 2148 filius
626 2099 771 2147 Nero
793 2097 1101 2160 cumularet,
1139 2102 1195 2146 et
1232 2097 1383 2146 initio
1413 2111 1536 2161 gau-

467 2176 661 2227 debant
714 2174 949 2238 magistri
1002 2173 1385 2237 dominatiouis,
1447 2175 1535 2224 de-

465 2267 696 2317 pressam
741 2267 857 2303 esse
900 2250 1128 2302 foeminae
1166 2244 1532 2301 ambitionem·
1517 2269 1533 2315 ;

466 2345 636 2396 neque
679 2329 814 2379 enim
859 2330 1164 2378 duraturum
1203 2328 1377 2378 odium
1422 2328 1537 2393 filii,

464 2421 631 2473 usque
667 2407 733 2456 ad
787 2421 970 2458 necem
1006 2406 1204 2470 matris,
1237 2405 1314 2455 illi
1356 2406 1535 2456 crede-

468 2483 611 2533 bant.

530 2567 553 2592 e
576 2559 888 2623 Signumque,
906 2575 1033 2609 more
1054 2558 1265 2623 militiae]
1302 2560 1534 2626 Signum,

462 2636 572 2686 sive
616 2642 830 2700 tessera,
869 2649 1073 2700 semper
1109 2636 1350 2686 Tribunis
1393 2637 1535 2699 data,

465 2712 632 2762 etiam
663 2711 869 2775 Repub.
909 2711 1149 2775 antiqua,
1221 2710 1402 2760 Livius
1440 2711 1533 2761 lib.

462 2798 672 2839 xxvur.
705 2789 721 2816 ‘
745 2789 934 2838 Forma
972 2795 1144 2837 tamen
1184 2787 1533 2838 Romanorum

463 2870 753 2914 castrorum
792 2863 1084 2926 constabat,
1118 2861 1254 2927 quod
1278 2863 1532 2912 Tribunos

463 2946 520 2989 et
534 2941 660 3003 jura
676 2939 895 2989 reddere
914 2940 966 2990 in
988 2938 1257 3003 principiis
1275 2938 1532 3003 sinebant,

461 3023 520 3064 et
553 3016 752 3078 signum
777 3015 841 3064 ab
865 3014 928 3063 iis
947 3015 1225 3079 petebant,
1247 3019 1303 3064 et
1340 3015 1395 3064 in
1430 3021 1532 3064 sta-

465 3091 633 3143 tiones
659 3105 721 3140 ac
744 3091 946 3154 vigilias
969 3090 1149 3140 ordine
1171 3090 1354 3140 ibant!

528 3167 774 3216 Dabatur
807 3181 838 3215 a
861 3166 1104 3229 Consule,
1126 3164 1383 3230 Praetore,
1404 3180 1532 3217 eove

425 3274 430 3280 -
464 3240 556 3307 qui
576 3242 833 3292 exercstui
858 3249 1100 3306 praeerat.
1148 3241 1298 3291 Idem
1318 3242 1531 3292 Livius:

459 3321 478 3347 ⁴
503 3319 567 3367 In
608 3319 855 3382 praetorio
896 3320 1235 3369 tetenderunt
1256 3316 1443 3368 Albius
1475 3324 1533 3368 et

462 3394 665 3459 Atrius,
704 3395 979 3445 classicum
1018 3395 1156 3459 apud
1197 3409 1285 3444 eos
1325 3394 1533 3457 cecinit,

461 3471 666 3534 signum
689 3470 755 3520 ab
779 3472 843 3520 iis
870 3471 1087 3535 petitum
1111 3470 1227 3520 est.’

526 3545 602 3596 At
625 3547 859 3611 praetorii
878 3547 1134 3596 Tribunus
1172 3562 1203 3596 a
1237 3549 1349 3596 solo
1386 3546 1529 3611 prin·

461 3619 595 3684 cipe.
661 3622 792 3672 Ideo
826 3637 983 3685 supra
1013 3622 1104 3671 lib.
1127 3636 1166 3672 1.
1210 3623 1348 3672 inter
1383 3624 1531 3687 sigua

462 3697 670 3761 accepti
694 3699 895 3762 imperii
916 3699 1130 3748 Tacitus
1150 3699 1355 3761 posuit:
1390 3698 1406 3725 ‘
1421 3700 1530 3747 De-

460 3772 643 3823 functo
663 3773 919 3837 Augusto,
939 3776 1139 3838 signum
1161 3776 1421 3839 praetoriis
1444 3789 1529 3824 co-

457 3849 713 3912 hortibus,
767 3857 828 3899 ut
898 3851 1207 3914 Imperator,
1276 3850 1528 3902 dederat?

457 3925 669 3988 Lipsius.

504 4002 744 4052 Formam
757 4000 941 4050 dandae
951 4007 1163 4050 tesserae
1177 4001 1525 4066 petendaeque

458 4089 527 4127 ex
567 4082 716 4140 parte
755 4078 1012 4141 expressit
1049 4075 1317 4141 Appianus
1339 4093 1417 4128 ιν.
1442 4079 1527 4128 Ci-

461 4150 673 4202 vilium:
704 4152 721 4180 ⁶
747 4154 969 4216 Lucius,’
1001 4152 1187 4218 inquit,
1218 4159 1234 4183 ⁴
1258 4154 1399 4204 misit
1417 4155 1527 4203 Tri-

461 4229 643 4298 bunos,
681 4231 772 4301 qui
800 4231 1004 4303 signum
1037 4232 1294 4289 exercitui
1328 4233 1530 4303 accipe-

1617 1117 1734 1161 rent
1757 1127 1788 1161 a
1812 1112 2040 1163 Caesare.
2106 1110 2180 1160 Hi
2202 1116 2374 1160 autem
2394 1108 2690 1163 afferebant

1614 1189 1691 1238 illi
1712 1202 1981 1238 numerum
2005 1187 2284 1246 exercitus,
2314 1193 2374 1235 ut
2396 1192 2452 1236 et
2470 1202 2608 1238 nunc
2630 1188 2686 1238 in

1614 1279 1761 1314 more
1782 1271 1879 1326 est,
1896 1263 2206 1324 Tribunum,
2231 1262 2321 1325 qui
2344 1263 2547 1326 signum
2568 1263 2687 1326 pos-

1617 1343 1770 1404 tulat,
1793 1340 2015 1393 reddere
2035 1338 2350 1404 Imperatori
2380 1337 2571 1389 librum
2608 1339 2691 1389 di-

1616 1433 1818 1482 urnum,
1835 1433 1937 1483 quo
1970 1418 2269 1470 continetur
2283 1428 2530 1472 numerus
2552 1433 2687 1488 pra-

1616 1494 1873 1545 sentium!

1680 1569 1858 1634 Atque
1908 1569 2030 1619 olim
2076 1575 2277 1618 tessera
2310 1569 2435 1619 data
2476 1569 2688 1620 videtur

1614 1647 1724 1696 sine
1793 1661 1939 1709 voce,
1981 1646 2234 1709 inscripta
2288 1646 2372 1695 vel
2426 1646 2691 1711 insculpta.

1615 1722 1764 1772 brevi
1803 1723 1984 1786 signo,
2039 1723 2176 1771 unde
2221 1728 2437 1772 tesserae
2477 1736 2686 1792 nomen.

1616 1798 1704 1847 De
1744 1811 1846 1862 quo
1886 1783 2164 1860 Polybium
2201 1796 2287 1848 adi
2320 1797 2356 1847 l.
2379 1811 2455 1847 vr.
2497 1803 2554 1852 at
2586 1797 2689 1854 suh

1617 1872 1792 1938 Impp.
1811 1874 1990 1923 vocale
2012 1872 2067 1920 id
2089 1872 2306 1935 signum.

1681 1947 1894 1997 Dabant
1931 1954 2107 1997 autem
2141 1949 2445 2011 plerumque
2477 1948 2689 1999 nomina

1616 2025 1852 2074 Deorum
1889 2031 1979 2075 aut
2017 2024 2255 2074 heroum:
2291 2024 2450 2074 etiam
2488 2025 2688 2088 Graeci,

1617 2100 1905 2150 Pausanias
1948 2102 1984 2151 1.
2029 2113 2085 2151 x,
2136 2102 2153 2129 ‘
2178 2101 2309 2150 Cum
2346 2099 2608 2166 utrimque
2655 2116 2689 2151 a.

1616 2175 1836 2225 ducibus
1871 2175 1938 2225 de
1972 2190 2114 2225 more
2152 2175 2306 2224 militi
2340 2183 2554 2226 tesserae
2596 2176 2688 2225 da-

1615 2258 1815 2313 rentur,
1851 2249 2069 2302 fortuito
2092 2251 2158 2299 ad
2196 2251 2393 2300 oraculi
2415 2251 2575 2301 verba
2596 2267 2689 2316 ap·

1614 2329 1800 2390 positae
1825 2327 1961 2377 datae
1984 2333 2136 2386 sunt3
2168 2342 2198 2375 a
2219 2326 2492 2391 Thessalis,
2513 2327 2689 2378 Itonia

1613 2404 1873 2468 Minerva,
1905 2420 1939 2453 a
1975 2404 2349 2470 Phocensibus,
2371 2405 2542 2470 gentis
2568 2419 2690 2455 auc·

1615 2489 1699 2532 tor
1723 2482 1965 2532 Phocus?

1679 2559 1853 2607 Etiam
1890 2560 2088 2623 Persae,
2123 2560 2167 2608 si
2190 2559 2528 2623 Xenophonti
2557 2557 2689 2613 fides

1613 2634 1650 2682 1.
1673 2648 1776 2683 vu.
1798 2640 1854 2684 et
1876 2644 1964 2684 ιη.
1986 2637 2116 2686 raas.
2148 2635 2237 2684 ubi
2277 2650 2310 2683 a
2343 2635 2483 2698 Cyro
2505 2634 2687 2687 datum

1613 2708 1835 2773 signum}
1855 2710 2054 2774 Jupiter
2080 2709 2342 2759 auxiliator
2363 2715 2412 2758 et
2434 2712 2549 2771 dur,
2571 2717 2687 2773 aut,

1613 2786 1810 2850 Jupiter
1826 2793 2052 2837 servator.
2118 2786 2354 2836 Suetonii
2373 2786 2474 2835 loci
2500 2783 2608 2835 bini
2628 2785 2684 2836 in

1612 2861 1709 2912 hac
1743 2877 1835 2923 τες
1870 2863 2005 2912 alter
2044 2863 2153 2912 Cal.
2191 2877 2239 2911 c.
2279 2867 2363 2911 58.
2395 2862 2411 2888 ‘
2436 2860 2686 2926 Signum,'

1614 2939 1708 3000 ait,
1741 2939 1758 2967 ⁴
1781 2952 1927 2988 more
1967 2939 2169 2988 militiae
2201 2939 2432 3003 petisse3
2468 2946 2524 2989 et
2553 2940 2683 2990 Caio

1612 3015 1796 3065 Jovem
1838 3014 2015 3079 dante,
2038 3015 2306 3065 Choeream
2349 3016 2685 3079 exclamasse,

1610 3091 1812 3156 Accipe
1832 3091 2040 3143 ratum?

1676 3167 1831 3218 Alter
1851 3184 1898 3219 c.
1923 3173 2006 3220 56.
2043 3169 2059 3198 ‘
2082 3169 2275 3221 Solitus
2297 3168 2450 3220 modo
2476 3169 2680 3235 signum

1613 3247 1834 3310 petenti,
1854 3245 2101 3308 Priapum
2125 3252 2216 3295 anit
2234 3247 2494 3295 Venerem
2518 3248 2682 3295 dare·
2664 3283 2682 3309 ‚

1611 3310 1765 3369 modo
1789 3320 2116 3369 osculandam
2135 3334 2342 3369 manum
2371 3319 2685 3385 offerrefor-

1611 3402 1801 3445 matam
1838 3402 2249 3459 commotamque
2293 3395 2348 3445 in
2382 3395 2684 3449 obscoenum

1609 3469 1856 3520 modum.’

1673 3547 1889 3598 Tessera
1926 3546 2120 3609 duplex
2149 3543 2284 3595 fuit:
2320 3561 2423 3596 una
2455 3562 2573 3611 quae
2610 3546 2682 3603 ad

1609 3624 1870 3688 excubias,
1900 3625 2064 3675 altera
2090 3640 2206 3689 quae
2229 3625 2296 3675 ad
2318 3640 2540 3691 pugnam
2562 3641 2683 3690 per·

1609 3699 1817 3750 tineret.
1883 3702 1970 3751 De
2000 3709 2265 3765 postrema
2285 3702 2496 3765 Tacitus
2517 3701 2557 3749 1.
2593 3715 2685 3752 111.
2758 3770 2763 3773 v

1606 3775 1802 3826 histor.‘
1829 3779 1845 3803 ⁴
1870 3777 2065 3826 Eadem
2109 3784 2326 3840 utraque
2364 3778 2477 3826 acie
2505 3792 2683 3831 arma:

1607 3850 1803 3900 crebris
1824 3853 2322 3917 interrogationibus
2346 3863 2537 3905 notum.
2550 3868 2683 3919 pug-

1607 3944 1689 3980 nae
1714 3931 1947 3995 signum.'
2586 3996 2591 3999 ,

1673 4007 1992 4072 signumque]
2011 4009 2226 4072 Signum
2249 4007 2409 4060 dabat
2430 4011 2681 4076 princeps

1607 4078 1719 4146 ipse
1743 4086 2002 4146 praetoriis
2024 4085 2342 4149 cohortibus,
2358 4102 2451 4139 seu
2469 4088 2681 4141 tribuno

1608 4160 1872 4222 praetoriae
1897 4162 2147 4224 cohortis,
2168 4177 2287 4227 quae
2321 4177 2417 4227 per.
2435 4164 2683 4214 excubia-

1609 4247 1723 4285 rum
1747 4234 1886 4301 vices
1917 4237 2201 4291 stationem
2236 4237 2419 4295 habuit
2438 4252 2534 4305 pro
2556 4236 2688 4290 fori-
