3100 4925
480 393 666 474 ‘uva

1147 439 1156 450 ·
1198 409 1264 466 G.
1313 415 1681 467 connum
1729 413 1989 464 Tamti

2371 419 2464 484 [A.
2488 419 2699 470 ΒΑΜ.

1487 624 1702 677 NOTAE

488 671 510 710 J

489 782 680 845 firmat,
698 786 756 831 et
775 775 919 843 Dio;
954 776 1337 830 siletTacituet
1372 774 1462 826 sed
1485 775 1552 826 de

488 860 567 910 his
588 857 785 924 egimus
807 871 967 922 supra
986 857 1023 907 1.
1045 869 1148 907 ιιι.
1171 870 1220 906 c.
1242 857 1326 905 64.

554 933 846 998 Domitian]
875 933 991 984 Una
1013 937 1178 995 certe,
1192 936 1249 982 et
1269 929 1453 981 eadem
1471 935 1556 980 est

491 1011 652 1061 amita
670 1011 785 1060 haec
806 1009 1051 1074 Neronis,
1084 1009 1151 1058 de
1184 1022 1287 1073 qua
1305 1008 1427 1056 Tac.
1459 1006 1554 1056 lib.

490 1077 592 1138 xri.
616 1093 672 1137 et
689 1087 791 1136 hoc
811 1084 901 1135 lib.
927 1097 1061 1135 xm.
1125 1084 1263 1134 Nam
1281 1082 1556 1149 utrobique

490 1161 711 1212 Domitia
733 1166 813 1212 est
849 1166 905 1210 et
941 1159 1196 1224 impudica,
1236 1157 1460 1220 infamis,
1493 1173 1556 1209 ac

487 1238 723 1288 uiolenta.-
767 1235 1042 1298 utrobique
1080 1235 1332 1284 amamur
1365 1233 1557 1300 Agrip-

489 1314 688 1378 pinam,
707 1316 765 1363 et
785 1311 884 1376 ipsi
903 1309 1106 1361 infensa
1126 1316 1241 1362 est:
1275 1310 1557 1376 utrobique

487 1389 650 1441 habet
670 1387 889 1454 pradia,
910 1393 966 1437 et
986 1401 1165 1437 servos
1200 1398 1298 1451 per
1325 1386 1559 1437 Calabri-

490 1480 607 1518 amz
665 1463 939 1529 utrobique
985 1463 1182 1528 pariter
1221 1461 1558 1513 abbianditur

489 1543 709 1604 Neroni,
743 1556 900 1607 quem
942 1541 1189 1606 juvenem
1226 1545 1465 1604 egentem
1501 1540 1557 1589 in

489 1619 765 1683 penatibus
804 1619 911 1669 suis
949 1615 1176 1679 foverat,
1197 1617 1431 1681 relegata
1452 1631 1557 1667 ma·

490 1703 605 1755 tre3
654 1700 732 1757 et,
754 1702 888 1745 teste
923 1693 1038 1757 ipso
1073 1692 1340 1755 Suetonio,
1361 1692 1558 1757 lanugi-

488 1786 608 1822 nem
658 1769 818 1835 ipsius
856 1768 1142 1832 tractabat,
1179 1767 1563 1818 abblandiendo

480 1849 685 1913 juveni,
705 1850 859 1912 longo
882 1854 1003 1911 post
1033 1852 1287 1910 tempore,
1306 1862 1459 1911 quam
1480 1845 1560 1898 af-

491 1923 636 1975 flicta
655 1929 737 1974 est
758 1922 1058 1975 testimonio
1080 1922 1329 1985 Neronis,
1348 1929 1404 1972 et
1426 1923 1563 1987 peri·

488 2001 591 2050 isse
613 2006 828 2065 putatur
861 2014 900 2048 a.
934 1998 1142 2062 Lipsio:
1193 2010 1321 2062 ergo
1359 1997 1560 2049 utrobi·

489 2091 592 2140 que
631 2076 818 2126 eadem
857 2075 1088 2126 Domitia
1125 2080 1226 2135 est,
1259 2088 1375 2139 quae
1411 2074 1558 2124 testi-

488 2151 660 2206 monio
685 2150 925 2203 ›Neronis
967 2149 1216 2213 affligitur
1253 2151 1289 2201 l.
1331 2163 1435 2200 ιιι.
1470 2154 1559 2201 64.

487 2233 545 2277 et
572 2239 692 2293 quse
723 2226 856 2277 vivit
878 2225 1049 2278 adhuc
1067 2228 1160 2278 lib.
1186 2239 1316 2278 xm.
1338 2241 1455 2293 cap.
1476 2232 1559 2279 19.

487 2307 569 2354 8⁰.
592 2308 690 2354 21..

492 2411 505 2418 -
552 2381 623 2430 Et
653 2386 802 2431 certe
831 2379 1075 2444 arbitror,
1095 2380 1387 2430 nullatenus
1419 2380 1558 2431 occi-

489 2469 597 2507 sam
620 2472 734 2508 esse
759 2457 1041 2510 Domitiam
1077 2472 1109 2508 a
1142 2457 1374 2520 Nerone,
1394 2457 1556 2507 etiam

486 2533 529 2580 si
549 2533 665 2581 duae
688 2533 811 2594 siut,
828 2533 934 2582 sive
957 2547 1059 2582 non
1079 2548 1094 2593 ς
1127 2542 1298 2597 neque
1322 2538 1556 2597 tempore

488 2613 580 2657 aut
620 2608 736 2657 loco
779 2607 869 2658 lib.
897 2620 1001 2657 ιιιι.
1031 2610 1158 2658 Tac:
1201 2622 1374 2673 neque
1404 2609 1557 2659 infra.

487 2683 572 2734 An
591 2692 739 2735 certe
762 2698 869 2734 rem
892 2684 970 2733 sic
1000 2683 1189 2733 leviter
1213 2683 1559 2747 praeteriisset

485 2761 716 2825 Tacitus,
751 2760 840 2827 qui
878 2760 1126 2810 describit
1152 2761 1352 2824 prolixe
1369 2774 1557 2811 necem

486 2837 648 2888 Sihni
700 2852 878 2903 supra,
943 2834 1194 2887 veneficio
1250 2834 1555 2901 Agrippiuae

488 2922 725 2975 paratam
744 2915 763 2962 ?
915 2932 924 2941 ·

551 2988 750 3049 Primo,
773 3002 875 3039 non
897 2993 1023 3051 puto
1055 3000 1173 3037 esse
1193 2986 1419 3036 occisam
1441 2993 1557 3037 eam

485 3067 522 3113 1.
549 3077 687 3114 ιιιι.·
671 3100 687 3124 ,
736 3077 906 3129 neque
926 3070 1128 3126 postea,
1144 3076 1261 3115 cum
1283 3063 1455 3112 occisa
1478 3078 1557 3111 es·

487 3146 569 3189 set
592 3139 901 3204 Agrippina,
933 3152 1052 3187 cum
1073 3151 1188 3186 eam
1209 3139 1415 3202 purgari
1429 3161 1438 3169 ·
1444 3139 1557 3202 jus

483 3219 556 3268 sit·
570 3217 734 3268 Nero.
782 3216 868 3267 Au
886 3222 990 3265 tam
1015 3215 1202 3264 leviter
1222 3215 1271 3264 id
1297 3215 1556 3280 attigisset

482 3294 714 3357 Tacitus,
748 3294 835 3359 qni
872 3308 1036 3357 neque
1061 3293 1259 3343 crimen
1288 3295 1556 3360 Domitiae,

483 3380 654 3436 neque
703 3360 1009 3430 delatorem,
1057 3381 1230 3432 neque
1266 3369 1555 3420 dmnnntio-

483 3462 602 3498 nem
626 3455 717 3497 aut
742 3447 1016 3511 judicium,
1043 3459 1215 3508 neque
1237 3460 1399 3509 genus
1421 3461 1555 3496 mou·

484 3526 551 3574 tis
570 3524 826 3575 describit
846 3528 937 3572 aut
953 3522 1198 3572 causam?
1231 3536 1335 3570 non
1350 3522 1404 3571 id
1421 3522 1556 3572 solet

481 3601 722 3651 Tacitus.-
785 3628 792 3635 ·
1087 3616 1092 3621 ·

484 3696 506 3708 ··
534 3677 741 3726 Paucis
777 3690 898 3725 saue
917 3674 1093 3725 verbis
1130 3672 1394 3723 historiam
1432 3689 1554 3724 exe

482 3753 677 3818 quitur,
718 3751 822 3801 sed·
853 3759 1026 3800 tamen
1065 3750 1451 3813 praegnantibus
1490 3764 1551 3801 ac

482 3829 683 3889 validis,
706 3834 899 3892 etquae
923 3826 1183 3877 sufficiant
1203 3826 1376 3876 rebus.
1446 3828 1552 3877 No-

481 3914 555 3967 ta,
575 3913 634 3956 ut
651 3904 932 3963 ueneribit,
972 3905 1274 3953 Narcissum
1313 3904 1377 3953 ad
1417 3918 1551 3953 mor-

480 3991 606 4046 tem,
639 3990 873 4032 extrema
908 3981 1242 4042 necessitate,
1276 3986 1332 4030 et
1365 3995 1552 4044 aspera

480 4061 716 4111 custodia
750 4061 992 4110 adactum
1031 4074 1165 4119 esse,
1195 4060 1330 4108 'licet
1367 4062 1549 4123 repug>

478 4144 631 4187 naret
676 4139 838 4188 Nero.
891 4137 1083 4187 .l·1aud
1125 4132 1283 4186 dubie
1324 4151 1431 4186 rem
1471 4137 1549 4188 sic

474 4211 665 4261 ieviter
686 4213 882 4275 attigit,
906 4212 1040 4275 ⁴quia
1077 4210 1214 4262 iufra
1248 4210 1422 4262 dicere
1462 4212 1551 4260 ad·

478 4287 579 4338 buc
601 4286 668 4339 de
688 4287 911 4338 foeminae
933 4288 1169 4353 ejusdem
1191 4288 1342 4338 rebus
1379 4293 1437 4339 et
1472 4287 1557 4345 iu·⁸

1634 771 1787 838 genio
1819 771 2021 833 debuit,
2043 769 2181 837 quod
2216 775 2273 821 et
2300 769 2438 821 fecit
2474 770 2573 821 hou
2604 770 2700 823 mr.

1634 861 1762 899 xm.

1699 927 1887 991 Neque
1930 925 2089 976 etiam
2138 938 2259 975 mox
2302 922 2528 974 occisam
2572 930 2701 987 puto

1634 1002 1922 1054 Domitiam
1945 1017 1976 1051 a
1999 1001 2244 1060 Nerone;
2297 1011 2418 1048 nam
2440 999 2559 1064 jam
2591 1008 2701 1048 tum

1635 1079 1879 1143 perculsa
1900 1084 1957 1129 et
1977 1078 2150 1143 ejecta
2174 1077 2391 1141 imperio
2412 1084 2529 1126 erat
2546 1085 2704 1125 emu-

1634 1156 1687 1205 la
1718 1157 1828 1220 ejus
1846 1155 2141 1220 Agrippina
2161 1170 2177 1215 ;
2212 1156 2322 1218 jam
2344 1153 2565 1204 nutabat
2587 1154 2700 1218 ejus

1635 1230 1850 1282 fortuna
1888 1238 1945 1282 et
1980 1231 2234 1298 potentia,
2282 1230 2450 1280 donec
2493 1230 2702 1280 tandem

1636 1306 1808 1360 occisa
1828 1312 1909 1359 est
1930 1323 1962 1358 a
1982 1306 2093 1357 filio
2109 1310 2264 1356 mater
2280 1305 2479 1369 optima.
2534 1326 2545 1331 ·
2624 1334 2631 1342 ·

1699 1384 1859 1434 Certe
1881 1384 2147 1450 vulgatum
2183 1387 2281 1445 est,
2314 1381 2599 1448 Domitiam
2624 1379 2705 1432 fu-

1636 1459 1736 1511 isse
1766 1458 1991 1510 occisam
2029 1475 2059 1510 a
2095 1460 2329 1522 Nerone,
2351 1465 2473 1523 post
2502 1457 2701 1520 caederu

1634 1537 1835 1601 matris,
1869 1536 2009 1602 quod
2046 1535 2326 1586 Suetonius
2367 1531 2561 1584 refert:
2611 1532 2702 1598 sed

1629 1613 1740 1678 jam
1764 1613 1886 1664 odia
1916 1613 2212 1662 mortalium
2243 1611 2616 1661 incumbebant
2646 1611 2703 1676 in

1637 1691 1916 1741 Neronem.
1994 1690 2181 1755 Neque
2217 1688 2452 1753 sequitur
2492 1687 2703 1742 amitam

1638 1764 1909 1824 occidisse,
1957 1765 2077 1831 quia
2124 1764 2324 1826 ridens,
2363 1764 2467 1813 alvi
2511 1765 2705 1828 duritia

1638 1840 1917 1892 cubantem
1940 1841 2130 1907 largius
2147 1841 2356 1905 purgari
2371 1840 2608 1905 jusserit.

1702 1917 1769 1968 Id
1810 1925 1955 1969 certe
1994 1933 2228 1983 sparsum
2268 1917 2322 1965 in
2361 1918 2567 1983 vulgus,
2614 1916 2707 1972 sed

1639 2011 1742 2055 non
1781 2004 2120 2062 compertum,
2152 2012 2254 2048 nou
2290 1993 2617 2047 manifestum
2651 1993 2705 2050 id

1635 2073 1806 2132 scelus
1829 2074 2069 2125 Neronis.
2152 2075 2331 2127 Quare
2352 2079 2409 2123 et
2428 2073 2482 2123 id
2506 2074 2707 2138 spi-evit

1634 2150 1868 2214 Tacitus,
1907 2158 2152 2216 tanquam
2195 2151 2349 2201 inane
2397 2157 2456 2200 et
2497 2149 2707 2214 faisum,

1638 2242 1733 2290 pro
1754 2241 1951 2278 summo
1970 2242 2060 2278 suo
2076 2226 2315 2292 judicio:
2369 2241 2463 2277 nec
2485 2234 2631 2277 certe
2650 2223 2704 2279 id

1637 2302 1885 2365 siluisset,
1904 2304 1949 2352 si
1966 2309 2292 2366 compertum
2316 2302 2497 2352 fuisset
2519 2302 2705 2354 scelus.

1705 2380 1893 2443 Neque
1917 2379 2086 2444 potuit
2107 2379 2161 2428 id
2185 2378 2459 2442 praeterire
2482 2378 2538 2428 in
2560 2379 2704 2428 iibris

1636 2471 1764 2521 quos
1784 2457 2052 2517 habemus,
2076 2456 2119 2506 si
2140 2470 2320 2507 verum
2342 2456 2432 2519 sit,
2456 2455 2596 2521 quud
2618 2456 2703 2506 hv-

1637 2532 1730 2583 bet
1760 2532 2038 2583 Suetonius
2064 2534 2130 2582 de
2152 2533 2245 2583 tali
2268 2547 2397 2582 nece
2439 2532 2708 2584 Domitiae.

1635 2609 1784 2660 Dicit
1806 2610 2087 2674 parricidio
2108 2611 2289 2661 matris
2310 2611 2579 2662 Neronem
2601 2618 2704 2661 sta-

1639 2685 1730 2735 tim
1755 2686 2009 2750 adjecisse
2030 2701 2209 2737 necem
2233 2686 2479 2738 Domitiae
2514 2687 2704 2749 amitte,

1618 2761 1766 2823 -dicit
1790 2763 2050 2813 Neronem
2073 2761 2234 2814 fuisse
2257 2763 2526 2827 juvenem,
2545 2771 2600 2814 et
2632 2762 2707 2813 la·

1636 2837 1879 2901 nuginem
1911 2839 2025 2902 ejus
2063 2846 2317 2889 tractasse
2338 2838 2568 2900 amitam,
2589 2852 2705 2889 cum
2734 2902 2745 2908 ⁹

1628 2913 1789 2979 jussit
1811 2926 1926 2963 eam
1950 2916 2143 2979 largius
2165 2916 2381 2978 purgari
2405 2930 2436 2964 a
2460 2913 2707 2976 ¹medicis,

1638 3002 1700 3039 ac
1742 2990 1921 3039 necari
1969 3004 2204 3052 veneno;
2258 2990 2398 3056 quod
2440 2990 2580 3040 idem
2621 2993 2705 3039 est

1635 3064 1904 3116 Suetonio.
2684 3120 2691 3127 ,

1703 3139 1776 3190 At
1797 3148 1944 3192 certe
1968 3155 2068 3190 non
2093 3141 2266 3205 potuit
2282 3141 2335 3190 id
2353 3138 2707 3192 omittere'h·

1636 3216 1771 3265 citus
1794 3217 2016 3267 inlibris
2053 3233 2180 3284 quos
2214 3218 2479 3269 babemus.
2569 3219 2705 3268 Nam

1635 3282 1903 3342 historiam
1928 3309 2093 3356 suam,
2113 3300 2171 3345 ut
2187 3295 2324 3344 nunc
2345 3305 2445 3354 est,
2470 3286 2707 3346 extendit

1637 3370 1791 3434 longe
1837 3372 1975 3421 ultra
2018 3377 2236 3422 mortem
2285 3371 2616 3436 Agrippinae,
2649 3376 2706 3422 et

1635 3443 1746 3497 sere
1769 3460 1932 3511 usque
1972 3448 2024 3496 in
2060 3447 2219 3497 finem
2249 3447 2576 3512 principatus
2600 3448 2705 3499 Ne·-

1637 3523 1799 3584 rouis,
1821 3538 1918 3573 uec
1939 3524 2115 3588 potuit
2138 3526 2413 3588 praeterire
2436 3539 2543 3575 rem
2566 3529 2705 3574 atro·

1635 3613 1748 3649 cem
1770 3600 1921 3663 hanc,
1939 3616 2093 3666 quam
2117 3602 2258 3651 Nero
2278 3606 2537 3665 patrasset
2551 3601 2703 3667 juve-

1634 3674 1732 3738 nis,
1753 3681 1809 3725 et
1830 3675 2041 3725 vixdum
2066 3677 2238 3739 posita
2263 3676 2535 3727 barba..

1700 3752 1830 3801 Cum
1864 3766 1990 3815 ergo
2024 3753 2344 3816 praeterierit
2378 3753 2593 3803 Tacitus
2622 3749 2703 3805 'ta-

1633 3829 1736 3878 lem
1756 3843 1940 3879 necem
1966 3830 2237 3892 Domitia,
2272 3836 2331 3881 ut
2366 3829 2501 3883 falso
2529 3830 2702 3897 jacta·

1633 3910 1742 3953 tam
1765 3904 1818 3953 iu
1843 3907 2042 3969 vulgus,
2060 3908 2121 3954 ut
2136 3904 2427 3969 plebeculae
2445 3918 2701 3959 rumorem

1633 3981 1856 4045 inanem,
1887 3983 2088 4047 siguum
2113 3989 2194 4033 est
2231 3983 2577 4048 manifestum,
2598 3999 2702 4036 non

1633 4072 1745 4107 esse
1767 4060 1990 4108 occisam
2011 4059 2153 4108 iilam
2175 4060 2385 4110 amitam
2411 4074 2443 4111 a
2465 4061 2725 4125 Nerone,.

1631 4146 1730 4184 nec
1748 4146 1906 4198 supra
1928 4133 2017 4185 lib.
2042 4146 2148 4184 ιιι.
2183 4148 2281 4185 nec
2302 4134 2451 4186 libris
2481 4149 2703 4202 sequen-

1631 4211 1793 4263 tibus.

1694 4289 1766 4339 Et
1787 4287 1994 4339 videtur
2012 4236 2111 4341 sibi
2133 4288 2497 4348 contradicere
2512 4290 2699 4345 Sueto-
