3100 4925
515 391 694 462 1404
1205 407 1270 456 o.
1314 403 1681 455 GORNEMI
1726 403 1999 454 raom.

513 551 829 637 gressu&
847 556 917 617 et
960 553 982 590 ‘
1009 550 1094 615 de
1123 549 1513 613 auctoritate
1542 548 1879 626 Patrum‚⁶
1919 519 1986 612 et
2030 565 2363 615 consensu
2396 545 2732 616 militum’⁹

516 655 857 738 praesatuS‚
887 656 909 688 ‘
939 653 1221 718 consilia
1248 652 1379 715 sibi
1409 656 1477 715 et
1502 647 1834 734 exemplaf
1851 652 2247 733 capessendi
2275 652 2558 732 egregie¹
2592 649 2734 714 Im..

515 755 703 838 perii'
730 756 1155 820 memoravit:
1202 758 1222 787 ‘
1253 772 1379 817 nec
1414 752 1768 836 juventam
1815 754 2019 817 armis
2050 753 2416 829 civilibUS,g
2465 757 2584 817 aut
2611 752 2733 818 do·-

2402 406 2496 475 [A‘.
2520 411 2589 464 U.
2613 407 2736 476 808.

515 949 604 1002 φιε
626 936 692 987 de
712 936 928 987 decreto
948 936 1188 998 Patrum,
1224 942 1280 984 et
1302 932 1549 998 suffragio
1572 934 1813 993 militum,
1841 901 2072 982 recensuit
2109 948 2239 997 qnae»
2266 931 2365 981 sibi
2404 931 2617 981 consilia
2651 944 2732 979 es·

517 1007 649 1066 sent,
668 1008 724 1052 et
745 1001 982 1065 exempla
1004 1001 1137 1051 bene
1157 1000 1400 1065 gerendae
1415 1000 1570 1064 Reip.
1586 1013 1682 1048 uec
1706 998 2110 1048 adolescentiam
2132 1012 2266 1047 suam
2287 997 2436 1047 bellis
2454 995 2733 1058 intestinis,

1443 1141 1563 1163 0000
1569 1141 1621 1160 ‘O
1628 1140 1803 1160 Oeeeee
1835 1123 1847 1132 ⁹

585 1228 612 1278 1
654 1224 741 1275 Sic
761 1224 896 1275 bene
918 1225 1208 1275 Rhenanus.
1275 1225 1339 1276 In
1361 1225 1490 1277 Mss.
1513 1230 1571 1274 et
1593 1222 1908 1274 editionibus
1930 1221 2208 1288 veteribus,
2231 1222 2435 1285 egregii.
2499 1199 2733 1273 Brotier-

1508 1409 1731 1461 NOTAE

516 1531 723 1584 ridebat
742 1534 940 1586 histrio.
1728 1529 1986 1595 Exempla]
2017 1532 2280 1581 Bonorum
2314 1543 2500 1594 nempe
2538 1527 2733 1593 princi·

580 1606 606 1642 ⁴¹
637 1608 717 1658 De
737 1611 1022 1660 auctoritate
1043 1610 1270 1673 Parrum]
1306 1609 1425 1662 Qua
1439 1621 1584 1658 nem·
1661 1620 1804 1671 pum,
1826 1613 1883 1656 et
1901 1608 2167 1672 praecipue
2191 1607 2430 1670 Augusti.
2494 1605 2580 1655 Sic
2601 1607 2732 1655 Sue·

512 1695 586 1752 pe
621 1686 904 1736 auctoritate
936 1686 1142 1735 firmata
1166 1685 1378 1750 adoptio
1398 1684 1581 1748 ipsius,

516 1776 620 1826 qna
658 1761 892 1812 firmatus
928 1762 1029 1826 ipsi
1065 1762 1407 1826 principatus,
1439 1765 1496 1809 et
1524 1764 1585 1808 ut

509 1837 591 1888 sic
613 1837 769 1888 etiam
809 1838 1002 1887 animos
1039 1839 1252 1887 Pati-um
1287 1835 1384 1885 sibi
1409 1834 1580 1885 conci-

512 1912 667 1962 liaret
688 1913 853 1976 Nero,
877 1912 1020 1982 quasi
1052 1912 1154 1961 illis
1176 1912 1395 1961 deberet
1417 1911 1579 1974 impe-

512 1986 666 2047 rium,
703 2001 860 2050 seque
904 1986 1105 2036 senatui
1139 1987 1449 2036 obstrictum
1485 1984 1580 2034 tali

515 2064 699 2112 merito
722 2062 1086 2125 profiteretur:
1122 2067 1278 2126 atque
1301 2062 1416 2110 hoec
1433 2059 1577 2123 inge·

512 2130 676 2188 nio'et
697 2138 911 2187 consilio
934 2139 1167 2187 Senecae.

578 2220 601 2246 θ
634 2214 706 2263 Et
747 2228 968 2263 consensu
1006 2211 1235 2274 militam]
1292 2212 1404 2261 Hos
1442 2225 1579 2261 nunc

511 2288 781 2354 postponit
800 2286 1004 2338 senatui
1028 2288 1081 2336 in
1102 2292 1304 2349 senatu,
1326 2292 1381 2336 et
1403 2292 1579 2336 tamen

509 2364 657 2428 prius
692 2364 862 2416 iverat
899 2364 950 2413 in
988 2369 1179 2427 castra,
1214 2378 1368 2427 quam
1400 2362 1452 2411 in
1491 2377 1578 2411 cu-

513 2440 658 2505 riam,
676 2445 738 2491 ut
758 2440 929 2507 potius
951 2440 1149 2492 electus
1168 2453 1202 2488 a
1235 2438 1399 2490 milite
1433 2438 1578 2490 vide·

512 2525 677 2570 retur.

578 2596 651 2645 Et
670 2608 894 2644 consensu
914 2591 1140 2656 militurn]
1183 2592 1460 2658 Praecipne
1499 2593 1578 2642 in-

509 2672 703 2736 telligit
744 2672 1113 2735 praetoriauum
1155 2669 1394 2732 militem,
1437 2667 1576 2719 forte

511 2748 669 2798 etiam
706 2753 761 2797 et
795 2747 1026 2811 legiones
1063 2746 1219 2809 ipsas,
1259 2744 1398 2810 (baec
1437 2744 1576 2793 enim

512 2825 684 2879 oratio
711 2837 815 2875 non
849 2824 1041 2887 statim,
1067 2822 1158 2872 sed
1182 2835 1301 2874 mox
1322 2820 1500 2872 habita
1521 2820 1575 2868 in

511 2898 738 2965 senatu,)
760 2897 1104 2961 consensisse,
1134 2911 1238 2947 non
1259 2897 1414 2947 modo
1435 2897 1576 2947 inter

512 2989 590 3039 se,
633 2975 700 3024 de
743 2989 806 3024 eo
845 2973 1143 3024 asciscendo
1181 2973 1235 3021 in
1272 2972 1576 3036 principem,

513 3049 605 3099 sed
645 3055 702 3099 et
746 3063 863 3098 eum
905 3048 1031 3111 ipsis
1075 3048 1324 3097 Patribus
1366 3061 1579 3097 eonsen-

508 3125 670 3176 slsse:
704 3137 862 3189 quare
896 3123 970 3175 ibi
993 3128 1267 3187 utrumque
1288 3124 1578 3187 connectit,

509 3205 568 3252 et
603 3200 930 3250 auctor-itatem
967 3205 1181 3265 patrum,
1215 3206 1275 3250 et
1308 3215 1576 3259 consensum

572 3349 597 3384 f
626 3352 837 3403 Consilia
867 3352 961 3402 sibi
992 3357 1039 3402 et
1065 3351 1301 3416 exempla]
1346 3352 1577 3410 Consilia„

510 3440 621 3490 sua,
643 3442 831 3497 nempe
852 3429 918 3478 de
939 3429 1232 3493 principatu
1261 3429 1393 3480 bene
1427 3431 1574 3480 insti·

508 3503 738 3566 tuend03
770 3503 984 3553 consilia
1003 3517 1096 3552 sua
1118 3503 1184 3552 de
1211 3503 1378 3554 forma
1408 3502 1574 3555 futuri

501 3581 829 3644 principatus
849 3595 865 3640 3
905 3579 1049 3644 quasi
1070 3585 1241 3628 certas
1264 3580 1469 3643 regulas
1490 3594 1572 3630 re-

506 3654 661 3721 gendi
694 3655 793 3705 sibi
829 3655 903 3705 sic
942 3655 1325 3719 praescriberet,
1357 3657 1411 3705 in
1446 3670 1571 3720 quas

503 3731 813 3793 intueretur,
851 3736 908 3780 et
948 3744 1076 3794 quas
1114 3744 1252 3779 nnnc
1294 3730 1570 3796 describit,

505 3806 780 3871 palamque
795 3805 1057 3870 proponit,
1073 3812 1133 3854 ut
1151 3805 1227 3854 sic
1249 3818 1336 3855 eas
1357 3820 1573 3870 sequen-

505 3881 582 3944 di,
602 3880 767 3930 veluti
787 3880 1151 3930 necessitatem
1184 3880 1283 3930 sibi
1317 3880 1569 3944 imponat.

503 3958 578 4015 Et
614 3963 762 4009 certe
790 3956 1048 4006 orationes
1084 3955 1187 4006 iuae
1228 3955 1453 4005 Neronis
1490 3958 1571 4007 in·-

505 4033 725 4098 sculptae
748 4044 909 4082 aurea
930 4031 1188 4089 columna,
1208 4037 1270 4081 ut
1301 4039 1476 4083 essent
1511 4035 1567 4084 in

503 4108 817 4172 exemplum,
833 4121 935 4157 uon
957 4108 1108 4158 modo
1128 4109 1326 4159 Neroni
1341 4109 1460 4174 ipsi,
1474 4111 1570 4162 sed

504 4184 659 4236 etiam
682 4182 923 4235 omnibus
959 4183 1279 4257 principibus
1300 4199 1569 4238 successu-

501 4258 598 4326 ris,
617 4266 754 4313 teste
773 4259 969 4313 Dione.

1663 1690 1771 1734 ton.
1809 1684 1940 1735 Ner.
1965 1688 2046 1734 10.
2096 1685 2114 1713 ‘
2138 1682 2314 1749 Atque
2352 1689 2413 1732 ut
2451 1682 2732 1732 certiorem

1664 1759 1832 1809 adhuc
1854 1760 2081 1810 indolem
2105 1759 2424 1821 ostenderet,
2445 1772 2510 1808 ex
2531 1756 2733 1821 Augus·

1662 1836 1706 1885 ti
1727 1836 2036 1901 praescripto
2058 1834 2430 1899 imperaturum
2453 1849 2508 1884 se
2531 1834 2730 1898 profes-

1661 1926 1765 1976 sus,
1809 1926 1977 1977 neque
2019 1911 2367 1973 liberalitatis,
2411 1923 2580 1975 neque
2623 1909 2730 1960 cle-

1659 1988 1889 2050 mentiae,
1910 2002 2009 2037 nec
2045 1986 2305 2038 comitatis
2343 1986 2550 2051 quidem
2585 1984 2730 2034 exhi-

1658 2063 1863 2124 bendae,
1881 2066 2036 2114 ullam
2055 2065 2375 2114 occasionem
2399 2062 2603 2113 omisit.¹
2630 2061 2731 2111 Ta·

1657 2135 1730 2187 lia
1749 2153 1891 2203 soepe
1911 2139 2061 2189 initia
2088 2138 2395 2206 principum.
2458 2137 2565 2186 Sed
2600 2149 2727 2186 nona

1657 2215 1778 2265 dum
1798 2214 1929 2266 finis.

1722 2292 1805 2342 De
1828 2293 1923 2342 tali
1957 2292 2187 2342 oratione
2216 2290 2442 2342 Neronis
2474 2289 2551 2339 sic
2580 2288 2725 2338 Dio‘t

1658 2367 2085 2432 ‘Septemdecim
2130 2381 2379 2416 annorum
2426 2365 2547 2428 fuit,
2603 2378 2723 2414 cum

1655 2441 1914 2507 imperare
1937 2445 2131 2507 coepit:
2169 2442 2292 2492 dein
2319 2447 2492 2492 castra
2527 2441 2725 2505 ingres-

1656 2533 1761 2581 sus,
1784 2520 1938 2569 lectis
1973 2519 2038 2568 iis
2061 2532 2177 2584 quae
2200 2519 2398 2568 Seneca
2421 2517 2723 2581 scripserat,

1655 2594 1925 2659 militibus,
1937 2599 2185 2660 qnantum
2202 2595 2278 2644 eis
2297 2593 2547 2644 Claudius
2564 2592 2724 2643 dede·

1655 2678 1758 2734 rat,
1776 2672 2028 2735 promisit.
2093 2671 2247 2720 Talia
2265 2674 2321 2719 et
2341 2668 2508 2733 fuere,
2527 2683 2643 2733 quae
2666 2669 2723 2719 in

1654 2753 1840 2796 senatu
1862 2746 1944 2813 (et
1964 2746 2209 2810 ipsa‘haec
2228 2760 2260 2794 a
2279 2745 2480 2795 Seneca
2501 2739 2725 2809 scripta)

1654 2823 1919 2886 recitavit,
1943 2829 2001 2873 ut
2037 2823 2254 2873 decreto
2289 2828 2499 2872 senatus
2532 2820 2724 2870 inscul-

1654 2905 1909 2963 perentur
1949 2899 2002 2948 in
2056 2900 2295 2949 columna
2345 2904 2613 2962 argentea,
2661 2902 2726 2947 nt

1655 2977 1945 3043 quotannis,
1978 2991 2097 3027 cum
2119 2977 2242 3027 novi
2263 2976 2502 3027 consules
2535 2976 2724 3040 magis·

1655 3058 1851 3104 tratum
1889 3053 2101 3116 inirent,
2141 3054 2457 3117 legerentur.
2537 3051 2608 3101 Et
2653 3064 2732 3100 ex·

1655 3129 1736 3178 his
1774 3128 1985 3193 quidem
2025 3142 2082 3177 se
2117 3126 2491 3191 comparabant
2526 3132 2731 3190 patres,

1657 3211 1902 3270 tanquam
1945 3203 2068 3254 boni
2121 3201 2374 3266 principis
2429 3200 2722 3265 imperinm,

1653 3281 1800 3329 velut
1835 3293 1903 3331 ex
1937 3277 2233 3342 syngrapha
2271 3275 2493 3342 quadam
2523 3274 2723 3325 babitu-

1652 3355 1733 3405 rie

1721 3432 1973 3483 Attamen
2011 3429 2287 3495 distinguit
2321 3428 2537 3479 Tacitus
2579 3428 2721 3478 iuter

1657 3511 1943 3561 orationem
1968 3522 2143 3574 qnam,
2181 3506 2358 3558 statim
2395 3512 2552 3570 atque
2586 3500 2724 3555 salu·-
2786 3511 2793 3519 “

1651 3592 1792 3637 tatus
1824 3585 1926 3635 fluit
1956 3586 2272 3649 Imperator,
2292 3580 2473 3630 habuit
2494 3581 2550 3630 in
2571 3594 2721 3630 sena·

1651 3667 1730 3724 tn,
1753 3667 1807 3711 et
1824 3661 1994 3721 istam,
2017 3673 2168 3723 quam
2191 3656 2374 3707 habuit
2404 3663 2528 3720 post
2547 3655 2722 3706 imita·

1649 3744 1828 3789 menta
1870 3736 2101 3787 tristitiae
2145 3739 2396 3800 peraeta;
2451 3737 2511 3782 et
2553 3737 2722 3797 patet,

1647 3814 1878 3878 pluribus
1919 3810 2239 3862 orationibus
2277 3809 2473 3858 animos
2509 3808 2720 3874 patrum

1647 3889 1914 3954 plebisque
1935 3886 2251 3937 demeruisse
2273 3886 2556 3949 Neronem,
2593 3885 2719 3936 dnm

1647 3962 1790 4014 illum
1813 3969 2023 4027 regeret
2042 3962 2257 4012 Seneca.

1712 4047 1738 4083 ⁸
1775 4042 1875 4089 Nee
1884 4040 2135 4100 juventam
2148 4038 2298 4086 armis
2315 4033 2552 4098 σὶυὶῑίὁυο]
2584 4032 2725 4086 Obi-'ae

1646 4119 1730 4164 ter
1750 4115 2111 4179 perstringere
2125 4112 2339 4162 videtur
2360 4110 2720 4183 principatum

1645 4188 1885 4253 Augusti,
1922 4189 2014 4254 qui
2052 4193 2199 4238 certe
2234 4188 2412 4237 attulit
2439 4187 2715 4250 juventam

1566 4284 1574 4289 ·
1645 4269 1886 4336 imperio,
1902 4269 1996 4320 sed
2016 4281 2200 4321 eruore
2222 4267 2416 4321 civium
2437 4272 2494 4318 et
2508 4265 2714 4319 domes·
