3100 4925
355 409 412 470 s,
437 409 502 477 c„
519 408 629 480 52]
1045 400 1455 470 ANNALIUM
1506 402 1652 471 mn.
1696 404 1872 451 x1111.
2373 391 2556 460 1617

356 570 473 616 eas
500 548 808 633 publicas
844 543 1042 613 esse).
1118 545 1344 614 Solem
1391 544 1677 612 deinde¹¹
1722 547 2171 631 respicienS,¹²
2219 554 2288 615 et
2324 556 2553 626 'cetera

357 651 576 715 sidera
599 656 923 728 vocans»,¹³
955 648 1151 732 quasi
1198 643 1443 711 coramf
1480 648 1946 729 interrogabat,
1990 654 2011 683 ‘
2038 648 2551 720 vellentne,con-·

352 753 519 828 tueri
571 752 765 817 inane
818 752 1071 816 solum?
1140 750 1370 832 potius'
1410 768 1592 814 marc
1639 751 2177 834 superfunderent
2225 753 2549 820 adversus

331 860 694 920 -terrarumss
721 850 1095 936 ereptores?

444 958 553 1021 56.
596 956 683 1020 Et
707 959 1076 1019 commotus
1123 952 1229 1016 his
1270 949 1566 1030 AvituS‚¹¹
1609 955 1631 986 ‘
1660 954 1975 1037 patienda
2017 955 2405 1023 meliorumi
2400 959 2549 1024 im'-

354 1120 533 1156 munes
555 1121 688 1156 esse.
754 1107 927 1155 Postea
945 1107 1087 1153 solem
1105 1104 1308 1165 intuens,
1338 1110 1388 1154 et
1419 1104 1519 1156 ulia
1539 1108 1673 1154 astra
1695 1103 1950 1167 obtestans,
1967 1106 2115 1155 veluti
2146 1120 2303 1155 eoram
2333 1106 2556 1155 senona-⁴

356 1168 512 1233 batur,
539 1172 797 1222 vellentne
821 1171 1123 1233 conspicere
1156 1183 1347 1218 vacuas
1384 1176 1572 1236 terras,
1610 1174 1811 1218 vastam
1852 1170 2153 1234 regionem?
2187 1171 2360 1233 'potius
2374 1170 2551 1221 Ocea

349 1249 478 1285 ιιιιιιι
498 1235 839 1311 immitterent
861 1241 1043 1283 contra
1065 1233 1335 1296 praedones
1360 1231 1632 1282 terrarum.

419 1300 527 1349 Et·
509 1299 573 1348 tis
592 1300 762 1349 verbis
783 1300 991 1349 concitus
1011 1297 1204 1360 Avitus,
1238 1296 1525 1361 respondit,
1552 1298 1824 1347 toleranda
1857 1313 1956 1347 esse
1991 1298 2340 1363 potentiorum
2363 1299 2547 1362 jum·
2529 1333 2549 1360 ,

1270 1420 1327 1439 00
1332 1420 1625 1440 mO‘OOOOO

358 1468 415 1560 3.
448 1509 508 1558 F.
546 1507 858 1569 Gronovius,
890 1521 1091 1571 quasque
1115 1520 1301 1555 menas.
1357 1504 1593 1554 Brotier.
1594 1508 1722 1553 -11
1758 1505 1863 1555 Ms.
1885 1504 2060 1557 Guelf.
2095 1507 2238 1557 Mem.
2241 1510 2371 1556 -12
2403 1506 2555 1557 Malo

357 1572 519 1626 editio
527 1573 801 1650 princeps,
816 1545 1092 1648 despiciens,
1112 1570 1248 1636 quod
1273 1568 1512 1642 probavit
1529 1568 1648 1619 Jac.
1669 1569 1980 1621 Gronovius.
2036 1572 2203 1622 Recte
2225 1571 2551 1622 Puteolanus

358 1644 420 1686 et
436 1638 614 1697 ceteri,
633 1639 900 1700 respiciens.
934 1636 1165 1684 Brotier.
1233 1623 1483 1683 Heinsius
1515 1634 1785 1696 suspiciens.
1835 1635 2091 1684 Gruterus
2123 1649 2156 1684 a
2191 1636 2361 1698 glossa
2395 1641 2549 1698 putat

323 1699 328 1704 ’
354 1714 467 1749 esse
488 1702 741 1764 respiciens
760 1707 815 1750 et
834 1714 1017 1750 vocans.
1049 1689 1338 1763 Utrumque
1361 1697 1627 1747 commode
1642 1697 1819 1748 abesse
1840 1705 2034 1763 potest.
2093 1699 2252 1750 Oberl.
2254 1704 2383 1750 —13
2417 1700 2550 1749 Mal·-

356 1764 433 1814 let
456 1766 577 1816 Nic.
601 1766 866 1829 Heinsius,
885 1767 1131 1815 advocans.

1354 1869 1568 1921 NOTAE

355 1943 473 2020 nem
495 1976 587 2021 aut
605 1943 898 2037 quempiam
931 1971 1087 2020 alium
1123 1974 1408 2029 auctorem,
1486 1967 1566 2016 nis
1608 1968 1728 2017 olim
1767 1970 2171 2033 exprobraverat
2210 1968 2547 2019 Mithridates

355 2046 447 2111 qui
491 2053 600 2095 tum
635 2058 863 2110 praesen‘s
895 2047 1093 2106 aderat,
1135 2060 1253 2094 cum
1297 2039 1412 2107 pro·
1490 2043 1629 2106 apud
1672 2044 1992 2108 Sallustium,
2044 2051 2100 2095 et
2140 2060 2230 2096 eos
2276 2046 2547 2112 praedones

325 2160 332 2164 .
356 2121 599 2171 nuntiata
620 2128 719 2186 est,
739 2128 794 2172 et
824 2122 912 2187 qui
946 2137 1058 2171 eam
1078 2120 1294 2170 inseruit
1311 2119 1411 2168 his-

353 2197 500 2247 toriis
523 2196 824 2248 Alexandri.
869 2199 984 2248 Nec
1005 2198 1259 2247 Latinitas
1282 2197 1411 2246 Cur-

352 2273 415 2326 tii
439 2275 645 2325 Graecae
667 2274 922 2324 facundiae
945 2276 1112 2338 impar
1133 2275 1355 2323 videtur.

417 2351 506 2400 Sic
527 2353 689 2401 sensit
718 2352 802 2400 vir
830 2351 1153 2401 doctissimus
1175 2350 1409 2400 etdecus

355 2426 478 2477 olim
518 2428 814 2478 Academioe
859 2427 1127 2477 Francicae
1166 2427 1415 2490 Vajerus.·

354 2504 471 2569 Ego
506 2503 718 2569 quidem
758 2505 1076 2569 aptissimam
1117 2503 1192 2553 rei
1219 2509 1276 2552 et
1300 2517 1414 2567 per-

351 2580 490 2631 sonis
532 2580 833 2630 concionem
880 2580 1014 2629 hanc
1052 2579 1312 2641 existimo,
1338 2584 1413 2627 'et

351 2653 488 2704 forte
507 2655 760 2704 inversam
788 2669 853 2702 ex
886 2654 1111 2718 antiquis
1136 2653 1236 2702 illis
1256 2653 1413 2704 histo·

350 2730 473 2782 ricis
495 2730 714 2791 Graecis,
745 2743 964 2794 qnorum,
982 2735 1156 2778 tamen
1176 2729 1251 2778 ita
1270 2742 1410 2778 men-

317 2846 321 2850 .
352 2806 751 2868 tem-expressit
782 2806 1013 2868 Curtius,
1056 2811 1117 2854 ut
1150 2805 1311 2854 multa
1342 2820 1411 2854 ex

349 2881 563 2946 ingenio
581 2884 787 2948 proprio
811 2891 865 2933 et
890 2885 1063 2933 Marte
1083 2898 1175 2933 suo
1198 2882 1409 2933 addide-

348 2958 441 3020 rit,
462 2973 627 3022 pauca
651 2966 852 3010 tantum
877 2959 1109 3009 imitatus
1132 2960 1218 3008 sit.

365 3037 526 3099 ·-Sic,
556 3037 692 3100 apud
714 3037 950 3086 Tacitum
977 3035 1255 3085 observare
1283 3034 1411 3086 licet

352 3113 601 3178 quasdam
647 3114 906 3164 orationes
942 3114 1017 3163 ita
1062 3114 1309 3177 inversas,
1348 3119 1412 3163 ιιι

331 3189 509 3252 -longe
541 3188 678 3252 apud
715 3190 883 3254 ipsum
920 3189 1265 3254 elegantiores
1287 3190 1410 3253 sint,

358 3279 511 3329 quam
534 3280 649 3330 quae
682 3267 734 3314 in
769 3273 950 3316 senatu
976 3272 1066 3315 aut
1102 3282 1134 3314 a
1176 3266 1412 3330 principe

353 3345 449 3390 aut
469 3355 502 3389 a
523 3341 755 3404 patribus
780 3341 1126 3404 pronuntiatae
1140 3345 1281 3391 sunt.

405 3413 445 3473 ,f
472 3417 621 3472 Quasi
652 3418 829 3481 eoram]
874 3415 1207 3482 Affulgebant
1242 3426 1413 3480 astra;

315 3530 324 3535 -
353 3491 450 3543 sed
478 3507 583 3541 non
605 3492 682 3542 ita
714 3498 884 3543 tamen
903 3507 1074 3543 coram
1097 3493 1333 3556 aderant,
1353 3500 1413 3544 ιιι

349 3581 417 3618 ea
436 3581 610 3618 coram
634 3568 981 3632 alloqueretur
1002 3583 1016 3616 :
1052 3570 1135 3617 vel
1157 3583 1253 3632 per
1273 3575 1411 3618 astra

352 3644 448 3693 Dii
486 3642 755 3707 intellecti,
800 3645 887 3708 qni
939 3644 1065 3694 licet
1109 3652 1409 3709 praesentes‚

350 3732 455 3769 non
472 3724 646 3768 tamen
660 3733 754 3774 eos
779 3720 1093 3783 interrogare
1117 3734 1306 3787 coram,
1318 3723 1411 3773 sed

351 3797 488 3863 quasi
507 3811 662 3846 eoram
681 3796 878 3847 decuit.

415 3874 758 3923 Barbarornm
780 3874 945 3925 oratio
967 3876 1098 3938 haec,
1117 3876 1207 3927 sed
1230 3876 1282 3926 in
1306 3892 1411 3942 qua

349 3946 478 3998 nihil
514 3948 786 4000 barbarum
817 3952 904 4001 sit.
966 3952 1103 4005 Vide
1122 3952 1410 4004 orationem

339 4022 653 4088 «Scytharum
676 4026 814 4089 apud
838 4027 1090 4076 Curtium.

416 4107 443 4143 ε
478 4100 753 4165 Terrarum]
809 4104 993 4166 Posset
1035 4103 1255 4169 intelligi
1308 4120 1410 4157 non

352 4175 420 4226 de
462 4176 562 4226 isto
599 4184 797 4257 tantum
837 4193 1041 4245 campo,
1063 4180 1153 4230 sed
1188 4181 1254 4230 de
1283 4182 1411 4233 orbe

352 4250 641 4309 terrarum}
676 4254 810 4320 quod
849 4261 906 4305 et
934 4255 1094 4307 alias·
1081 4257 1205 4322 ipsis
1225 4259 1412 4310 Rema-

1489 2117 1626 2167 orbis
1649 2127 1827 2183 aperte
1850 2127 2019 2172 vocat.

1480 2206 1484 2209 ’
1555 2188 1581 2227 ¹²
1613 2198 1684 2245 Et
1702 2202 1953 2247 commotus
1977 2198 2052 2247 his
2082 2196 2277 2260 Avitm]
2312 2194 2549 2247 Turbata

1491 2276 1547 2321 et
1590 2277 1774 2322 trunca
1820 2273 2053 2325 forsitan.
2144 2277 2281 2337 Lego
2333 2280 2545 2323 tamen.

1490 2347 1595 2396 Nec
1615 2354 1866 2399 commotus
1894 2351 1970 2399 his
1988 2350 2185 2412 Avitus,
2207 2351 2435 2413 patienda
2454 2361 2551 2398 nu-

1491 2422 1698 2472 tiorum
1678 2426 1877 2489 emperia
1895 2426 1984 2478 ait.
2015 2427 2260 2491 Disquos,
2278 2430 2360 2491 ξε.
2405 2423 2553 2491 lips.-

1560 2499 1829 2549 Commotus
1841 2502 1917 2550 his
1922 2502 2135 2565 Avitus]
2169 2504 2550 2566 Nonnunquam

1492 2574 1881 2638 deprecantium
1899 2579 2214 2644 miseremur,
2229 2594 2357 2643 quos
2373 2584 2553 2630 tamen

1485 2653 1756 2717 nequimus
1775 2654 1951 2711 facere
1973 2664 2237 2721 compotes
2267 2657 2394 2706 voti.
2458 2655 2548 2710 Sic

1491 2725 1678 2779 Avitus
1710 2738 1824 2781 erat
1842 2732 1894 2780 in
1912 2733 2235 2782 clementiam
2261 2746 2471 2795 pronus,
2489 2737 2550 2782 et

1487 2804 1554 2867 (si
1574 2805 1770 2871 absque
1794 2808 2103 2871 imperatore
2123 2806 2287 2871 foret)
2319 2815 2421 2857 tam
2435 2809 2548 2871 jus-

1490 2879 1560 2928 tis
1600 2880 1896 2930 miserorum
1940 2883 2179 2946 precibus
2221 2881 2553 2946 indulgeret?

1491 2963 1548 3007 ιιι
1562 2957 1710 3007 Nero
1732 2959 1983 3021 ejusmodi
2011 2974 2248 3024 agrorum
2270 2960 2549 3022 possessio-

1490 3045 1608 3083 nem
1621 3033 1735 3096 jam
1757 3033 1933 3083 Frisiis
1949 3034 2316 3099 denegaverat.
2367 3033 2553 3092 Frisios

1490 3110 1706 3158 decedere
1722 3110 2031 3171 agrisjussit.

1557 3185 1694 3236 Quid
1713 3185 1875 3249 igitur
1895 3185 2051 3236 Avito
2074 3149 2323 3248 restabat,
2357 3186 2456 3241 nisi
2487 3194 2551 3238 ut

1489 3259 1789 3312 Ansibarios
1811 3278 1843 3312 a
1865 3277 1920 3312 se
1941 3263 2230 3314 dimitteret
2257 3265 2548 3315 mitioribus

1489 3338 1700 3388 verbis?
1728 3340 1992 3389 ·Patiendu
2041 3341 2284 3390 meliorum
2326 3340 2547 3403 imperia.

1489 3414 1554 3465 Τὸ
1611 3423 1863 3467 commotus
1915 3416 2095 3468 eodem
2149 3430 2302 3468 sensu
2357 3418 2548 3472 Annal.

1491 3493 1586 3543 lib.
1625 3506 1703 3542 ιιι.
1754 3494 2136 3557 ‘ingressusque
2179 3491 2553 3556 defensionum

1489 3575 1746 3620 commoto
1780 3571 2027 3633 majorem
2060 3570 2114 3618 in
2159 3568 2367 3618 modum
2396 3568 2549 3618 Clau-

1489 3646 1597 3707 dio,
1614 3646 1924 3694 Messallinae
1946 3659 2148 3715 quoque
2179 3646 2431 3708 lacrymas
2463 3659 2552 3694 ex-

1489 3720 1656 3771 civit.¹

1555 3795 1640 3846 Ad
1669 3795 1903 3846 ultimum
1926 3797 2064 3846 inter
2096 3797 2326 3848 Boiocali
2350 3809 2551 3861 preces,

1490 3887 1644 3937 quam
1658 3886 1878 3923 consona
1890 3874 2050 3924 sacris
2064 3874 2228 3939 literis
2237 3875 2350 3928 haec
2370 3889 2384 3922 ι
2410 3879 2424 3903 ⁴
2437 3874 2548 3924 Sic·
2573 3900 2580 3907 ·

1491 3955 1551 3998 ut
1592 3949 1774 3998 coelum
1835 3949 1974 4012 Diis,
2018 3950 2097 3999 ita
2150 3949 2316 4000 terras
2372 3950 2549 4012 generi

1489 4027 1781 4077 mortalium
1800 4027 1991 4076 datas·'
2026 4027 2128 4077 illae
2147 4027 2303 4087 enim,
2320 4026 2337 4054 ‘
2361 4027 2549 4076 coelum

1490 4104 1611 4152 coeli
1653 4102 1898 4165 Domino,
1938 4108 2131 4151 terram
2181 4107 2354 4151 autem
2397 4101 2547 4203 dedit

1490 4178 1612 4231 filiis
1634 4176 1910 4231 hominnm.
1911 4178 1927 4202 ’
1990 4179 2271 4229 Salinerius.
2308 4226 2316 4235 ,

1555 4255 1570 4290 ¹
1602 4257 1854 4307 Melior-um
1886 4255 2114 4321 emperia]
2176 4254 2453 4320 mierum,
2494 4255 2550 4307 id

481 4333 656 4399 Delph.
675 4338 723 4384 et
752 4334 865 4386 Var.
893 4335 1022 4387 Clas.
1380 4338 1536 4390 sseit-
2298 4344 2329 4393 ὅ
2363 4341 2418 4397 K
