3100 4925
505 403 680 473 1888

1189 417 1262 467 Ο.
1314 416 1513 468 GORN
1526 413 1680 465 ulan
1725 409 1985 465 ‘morri

2374 417 2470 484 [A.
2483 417 2558 472 Β.
2568 422 2699 471 m

506 563 665 647 quia
700 563 942 646 ingenii
960 560 1279 628 violentia
1320 560 1631 625 ιιιιὶιίιιιιι3
1654 549 2032 636 irritaverit,
2061 555 2278 641 segnis
2302 561 2372 622 et
2387 555 2696 624 ‘domina-⁶

501 664 791 730 tionibus
822 664 974 729 aliis
1000 664 1361 742 fastiditnS,
1385 662 1576 741 adeo,
1604 665 1679 726 ut
1705 659 1783 724 C.
1814 659 2059 725 Caesar·
2070 657 2359 743 pecudem
2388 656 2697 766 αανεαηιῆ

505 849 625 903 m
656 852 941 919 incitaverit,
978 855 1097 904 tenu
1131 859 1181 904 et
1208 854 1451 918 prioribus
1478 853 1602 902 aaa·
1633 855 1908 913 contentas,
1928 852 2043 901 aueo
2061 854 2118 900 ut
2148 851 2208 899 c.
2230 851 2701 927 eman-,nom

1421 980 1595 1000 “UO“
1599 979 1713 999 ‘u‘
1717 979 1773 1000 ‘O

502 1059 510 1081 ¹
569 1064 602 1110 2
633 1060 698 1111 In
714 1061 923 1126 scriptis
946 1068 1003 1113 et
1024 1061 1178 1112 editis
1199 1062 1362 1123 libris,
1375 1062 1574 1111 exitum

1629 1060 1773 1112 Bene
1794 1060 2063 1121 Ernestus,
2083 1057 2303 1107 exitium.
2365 1056 2432 1106 In
2461 1054 2691 1105 editione

503 1125 739 1189 principe
756 1132 812 1175 et
834 1126 1091 1190 plerisque
1114 1127 1247 1186 aliis,
1262 1097 1541 1175 irritaverit.
1598 1124 1789 1173 Melius
1808 1123 2126 1173 Puteolanus
2143 1127 2199 1172 et
2216 1121 2344 1170 Mss.
2364 1120 2515 1171 Harl.
2537 1118 2689 1172 Bodl-

502 1189 615 1243 ἔοι.
638 1189 811 1240 Guelt'.
833 1196 992 1254 atque
1019 1192 1286 1253 Ernestus,
1304 1190 1599 1239 irritaverat.
1664 1188 1889 1238 Brotier.

1496 1348 1710 1401 NOTAE

568 1471 589 1498 ⁶
621 1465 798 1527 Ignara
833 1466 1046 1530 Nerone]
1075 1465 1343 1529 Imperare
1377 1466 1558 1528 incipi-

503 1541 611 1591 enti
622 1541 803 1606 juveni
821 1542 955 1592 hanc
994 1542 1341 1592 innocentiam
1364 1541 1557 1590 donare

497 1614 638 1665 forte
682 1611 847 1667 voluit
882 1618 1058 1680 optima
1078 1621 1260 1674 mater-3
1298 1616 1380 1666 vel
1415 1615 1554 1665 forte

499 1691 789 1755 praevidens
844 1708 948 1743 non
1001 1707 1365 1743 consensurum
1420 1691 1555 1743 caedi

502 1768 786 1832 Neronem,
809 1775 867 1819 ut
901 1783 1073 1833 neque
1112 1769 1274 1818 bonos
1313 1769 1554 1818 educato·

501 1857 603 1906 res,
619 1843 674 1893 id
696 1859 786 1894 suo
807 1850 973 1893 marte
995 1844 1222 1906 suscepit
1244 1841 1558 1907 Agrippina,

499 1924 560 1968 ut
599 1933 704 1970 suae
742 1920 923 1969 ultioni
958 1918 1108 1968 simul
1130 1925 1187 1968 et
1222 1918 1555 1967 dominationi

497 1996 614 2060 ipsa
637 1996 952 2045 consuleret.

562 2069 587 2103 ἆ
622 2071 679 2121 C.
700 2074 862 2120 Coesar·
873 2073 1091 2133 pecudem
1104 2071 1317 2134 auream]
1339 2072 1563 2135 Vereor-,¹

497 2151 556 2194 ut
570 2139 813 2208 scriptori
832 2154 1009 2195 nostro
1023 2154 1224 2197 constet
1243 2147 1395 2197 ratio.
1429 2149 1552 2197 Non

500 2220 705 2270 enimin
725 2221 860 2270 hunc
877 2223 955 2271 M.
971 2222 1199 2272 Silanum
1223 2225 1425 2287 expetit
1439 2225 1552 2275 Caii

497 2296 727 2348 dictum:
771 2299 861 2347 sed
906 2299 956 2347 in
1000 2300 1144 2349 illum
1201 2301 1435 2363 alterum,
1466 2302 1552 2365 qui

498 2370 610 2435 ejus
638 2387 804 2423 socer.
871 2375 975 2423 Dio
997 2376 1169 2424 clare:
1204 2378 1221 2404 ‘
1245 2376 1407 2425 Socer
1428 2391 1552 2425 vero

499 2446 612 2497 Caii
633 2447 844 2498 Marcus
864 2449 1079 2512 Silanus,
1102 2450 1223 2514 quia
1256 2451 1355 2515 ipsi
1378 2451 1548 2514 gravis

499 2536 559 2572 ac
577 2523 831 2572 molestus
852 2531 981 2585 erat,
1005 2524 1070 2573 ob
1093 2526 1337 2577 virtutem
1365 2532 1422 2575 et
1443 2525 1549 2576 affi-

496 2597 727 2660 nitatem,
780 2599 1002 2661 seipsum
1045 2599 1328 2652 interemit,
1394 2601 1547 2650 Caius

497 2686 620 2723 vero
666 2675 986 2723 contumeliis
1042 2682 1095 2723 et
1135 2676 1383 2725 conviciis
1428 2692 1547 2726 eum

496 2749 874 2810 insectabatur;
909 2751 984 2799 ita
1004 2758 1062 2799 ut
1086 2751 1280 2815 primus
1297 2752 1348 2800 in
1366 2758 1549 2801 senatu

493 2827 801 2875 sententiam
840 2840 940 2875 non
976 2834 1272 2889 rogaretur;
1306 2827 1431 2876 licet
1470 2833 1548 2876 ta-

494 2917 612 2951 men
636 2902 702 2951 de
734 2902 824 2951 illo
861 2901 1044 2950 bonam
1067 2902 1356 2965 opinionem
1393 2902 1550 2952 habe·

493 2983 592 3038 ret‘,
614 2992 833 3041 cumque
871 2985 1150 3040 propterea
1184 2992 1312 3025 ovem
1355 2993 1547 3029 auream

494 3051 818 3115 appellaret?
884 3053 980 3100 Cui
1026 3059 1084 3100 ut
1124 3052 1392 3115 assentiar,
1415 3059 1544 3102 aetas

493 3126 654 3176 Silani
676 3140 758 3174 me
782 3126 998 3176 inducit.

558 3202 727 3251 Natus
766 3202 904 3250 enim
940 3207 1022 3251 est
1061 3208 1312 3266 extremo,
1341 3209 1399 3253 ut
1438 3204 1544 3253 Pli-

491 3272 605 3326 nius
629 3277 721 3340 ait,
735 3276 951 3341 Augusti
968 3294 1131 3328 anno:
1158 3295 1187 3328 a
1210 3294 1308 3345 quo
1329 3282 1393 3330 ad
1411 3282 1545 3332 hunc

492 3352 630 3402 diem
646 3354 765 3402 anni
781 3354 1029 3403 duntaxat
1047 3354 1389 3418 quadraginta
1409 3363 1561 3427 sunta

491 3429 610 3479 Non
643 3443 766 3492 ergo
788 3429 840 3477 in
862 3444 923 3478 ea
961 3435 1117 3479 aetate
1139 3430 1223 3478 hic
1247 3430 1545 3480 adolescens

491 3502 754 3554 formidini
789 3511 880 3553 aut
914 3506 1197 3554 contemtui
1233 3506 1348 3554 aliis
1387 3505 1544 3555 domi·

489 3581 781 3631 nationibus
817 3597 928 3631 esse
965 3583 1157 3646 potuit,
1198 3584 1343 3646 cujus
1379 3574 1544 3633 adhuc

489 3654 586 3703 οὔδ’
607 3653 672 3704 εἷς
693 3657 856 3718 λόγος.

527 3731 679 3794 *Sed,
716 3739 773 3782 ut
811 3733 864 3781 in
906 3732 1110 3782 homine
1126 3732 1354 3794 Tacitus,
1377 3732 1454 3782 sic
1492 3732 1547 3781 in

490 3807 631 3857 dicto
659 3807 880 3856 ‘aberrat
908 3808 1141 3857 Graecus.
1208 3804 1380 3857 Putat·
1408 3808 1547 3858 enim

486 3883 652 3951 laudis
672 3883 976 3948 honorisque
998 3883 1181 3933 fuisse:
1204 3884 1336 3948 quod
1360 3898 1543 3932 revera
1564 3892 1571 3900 ·

487 3960 666 4027 probri
702 3958 823 4020 fuit,
843 3965 899 4008 et
930 3957 1058 4008 i'alse
1087 3959 1288 4021 jactum
1312 3960 1365 4006 in
1386 3960 1543 4008 homi·

486 4050 605 4085 nem
617 4034 860 4096 divitem,
881 4033 973 4082 sed
1004 4034 1262 4096 ignavum,
1283 4035 1542 4098 hebetem,

489 4111 744 4164 oviculam
765 4125 975 4159 meram.
1014 4111 1221 4174 Lipsius.

553 4187 819 4252 Contingit
836 4188 935 4236 hoc
957 4188 1091 4249 loco,
1130 4186 1268 4250 quod
1291 4200 1427 4250 saepe
1452 4186 1542 4235 ali-

477 4264 558 4330 hi,
600 4270 661 4316 ut
697 4262 1007 4316 conveniant
1049 4269 1287 4314 auctores
1328 4261 1382 4311 in
1421 4259 1540 4310 sub-

1634 1464 1827 1514 stantia
1848 1463 1943 1527 rei,
1976 1476 2164 1526 nempe
2185 1461 2238 1513 id
2268 1462 2467 1512 dictum
2489 1474 2601 1511 esse
2622 1458 2689 1511 de

1636 1541 1696 1590 L.
1718 1539 1928 1599 Silano;
1962 1545 2019 1588 et
2055 1538 2106 1587 in
2131 1533 2531 1589 circumstantiis
2570 1550 2689 1599 per-

1635 1621 1794 1674 sonae,
1835 1622 1892 1665 et
1930 1614 2073 1676 dicti,
2112 1628 2201 1663 seu
2247 1627 2419 1663 causae
2473 1617 2689 1675 propter

1633 1705 1783 1756 quam
1805 1690 1860 1739 id
1882 1691 2077 1739 dictum
2101 1694 2201 1753 est,
2218 1687 2476 1737 differant.
2615 1721 2621 1725 -

1697 1767 1952 1829 Pecudem]
1983 1764 2243 1828 Quicquid
2265 1764 2462 1823 dicant,
2490 1767 2572 1811 sto
2593 1775 2689 1826 pro

1632 1842 1831 1894 Tacito.
1895 1840 2079 1890 Potuit
2099 1839 2188 1904 qui
2223 1845 2376 1889 natus
2413 1844 2495 1887 est
2515 1851 2693 1902 supre-

1633 1930 1719 1965 mo
1729 1914 1948 1978 Augusti
1967 1929 2120 1976 anno,
2135 1914 2248 1977 jam
2265 1912 2487 1964 fastidiri
2507 1914 2562 1962 in
2583 1912 2687 1962 fine

1637 1991 1989 2041 dominationis
2041 1990 2333 2041 Tiberianae
2355 2008 2369 2040 ε
2419 1997 2475 2040 et
2526 1988 2690 2053 magis

1636 2065 1801 2115 adhuc
1824 2066 1918 2115 sub
1928 2066 2054 2115 Caio
2076 2071 2132 2115 et
2154 2065 2390 2128 Claudio,
2410 2079 2538 2128 qnos
2555 2078 2688 2128 prae·

1633 2143 1786 2206 cipue
1829 2142 1912 2191 hic
1956 2142 2201 2206 intelligit
2235 2142 2445 2191 Tacitus
2480 2155 2575 2205 per
2593 2141 2686 2190 has

1633 2234 1802 2282 voces,
1820 2219 2211 2268 dominationibus
2229 2218 2342 2266 aliis
2349 2216 2624 2276 fastiditus.

1697 2294 1799 2344 Sed
1827 2294 1940 2358 jam
1965 2294 2275 2356 notavimus,
2295 2308 2446 2358 quam
2470 2291 2688 2341 diversae

1634 2371 1787 2422 famae
1825 2372 1948 2430 talia
1983 2372 2096 2422 haec
2118 2371 2340 2421 obnoxia
2361 2370 2482 2420 sint.
2550 2369 2685 2420 Haec

1635 2449 1776 2498 dicta
1799 2448 2085 2512 principum
2103 2447 2191 2496 alii
2215 2447 2365 2496 aliter
2386 2446 2615 2507 tradunt,
2630 2450 2689 2495 et

1630 2539 1768 2587 saepe
1812 2524 2027 2573 diversis
2075 2523 2256 2573 eadem
2307 2522 2560 2583 tribuunt,
2595 2526 2688 2571 aut

1627 2599 1770 2647 varic
1794 2599 2220 2662 interpretantur.

1691 2676 1778 2725 Sic
1798 2677 1893 2726 hoc
1917 2677 2047 2737 loco,
2075 2676 2211 2741 quod
2234 2675 2429 2724 dictum
2453 2689 2566 2725 esse
2587 2689 2686 2738 per

1629 2758 1946 2801 contemtum
1967 2759 2023 2801 et
2044 2753 2425 2821 contumefiam,
2446 2751 2511 2799 de
2526 2749 2686 2801 Junio

1627 2828 1818 2889 Silano,
1838 2826 2061 2877 affirmat
2076 2828 2304 2889 Tacitus,
2337 2828 2432 2875 hoc
2454 2826 2592 2876 idem
2620 2826 2686 2876 de
2702 2868 2725 2879 ‚.

1630 2903 1815 2954 Marco
1835 2904 2008 2954 Silano
2031 2905 2231 2954 dictum
2252 2917 2380 2963 esse,
2406 2902 2551 2966 quasi
2588 2916 2686 2965 per

1626 2980 1872 3030 virtutem
1895 2987 1951 3030 et
1974 2979 2154 3043 decus,
2172 2980 2355 3030 scribit
2376 2979 2515 3039 Dio;
2552 2977 2685 3027 adeo

1626 3057 1676 3105 in
1716 3057 1905 3106 talibus
1946 3057 2081 3107 t'ama
2118 3056 2320 3106 incerta
2342 3063 2399 3103 et
2421 3054 2564 3103 varia
2583 3054 2685 3103 his-

1627 3133 1760 3182 toria
1783 3140 1881 3182 est.
2688 3168 2710 3202 ‘.

1688 3210 1841 3258 Suam
1864 3208 2128 3259 historiam
2150 3206 2446 3256 invertebat
2479 3186 2582 3253 Dio
2618 3206 2735 3279 ex]

1623 3285 1825 3346 Tacito,
1847 3284 2113 3345 Suetonio,
2136 3290 2194 3333 et
2213 3282 2325 3335 aliis
2347 3280 2542 3330 Latinis
2561 3294 2689 3330 auc-
2724 3330 2729 3339 ,

1625 3359 1852 3408 toribus:
1887 3364 1940 3407 at
1965 3372 2144 3421 parum
2168 3356 2355 3406 Latine
2372 3355 2590 3418 sciebat,
2623 3360 2712 3421 ut·
2738 3418 2743 3422 p

1617 3435 1724 3499 jam
1763 3434 1882 3484 alibi
1925 3448 2066 3496 saepe
2105 3432 2419 3485 notavimus:
2452 3431 2572 3479 hinc
2606 3429 2684 3479 di·

1624 3510 1863 3562 versitas.

1691 3586 1848 3649 Puto,
1870 3591 2010 3634 errat
2033 3585 2233 3647 Dio,et
2265 3584 2319 3633 in
2355 3597 2594 3648 persona,
2626 3588 2683 3632 et

1626 3662 1681 3710 in
1704 3652 1873 3710 dicto:
1909 3675 2078 3724 neque
2113 3661 2373 3709 intellexit
2396 3667 2683 3721 auctorem,
2733 3716 2743 3725 ,

1627 3751 1692 3785 ex
1715 3751 1815 3800 quo
1854 3735 1908 3783 id
1944 3735 2175 3797 invertit,
2196 3749 2361 3798 neque
2384 3732 2522 3783 forte
2550 3733 2682 3798 seip-

1628 3827 1738 3862 sum
1759 3828 1775 3872 ;
1825 3825 1944 3859 nam
1989 3810 2103 3875 quis
2157 3825 2361 3859 sensum
2400 3809 2549 3874 hujus
2582 3808 2705 3875 loci⁴

1620 3888 1804 3937 Dionis
1829 3893 1973 3935 recte
1997 3885 2277 3936 conciliet?

1687 3963 1863 4022 Caius,
1904 3962 1991 4026 qui
2046 3975 2204 4023 prave
2254 3961 2423 4023 dicax,
2470 3958 2686 4009 incessit

1623 4037 1874 4086 conviciis
1921 4036 2173 4098 Silanum,
2195 4042 2249 4084 et
2279 4036 2414 4084 bene
2457 4034 2523 4083 de
2567 4033 2683 4097 ejus

1621 4113 1816 4162 virtute
1849 4112 2029 4171 sentit,
2069 4111 2200 4160 bene
2225 4111 2292 4160 de
2310 4111 2404 4160 illo
2425 4109 2685 4174 opinatur,
2738 4139 2743 4143 ·

1620 4191 1776 4237 καλῶς
1810 4186 1916 4252 περὶ
1940 4186 2095 4236 αὐτοῦ
2108 4188 2313 4251 novem,
2334 4185 2505 4255 inquit
2541 4184 2681 4243 Πίος

1619 4270 1675 4314 et
1691 4264 1843 4313 simul
1865 4263 1932 4314 ob
1950 4263 2091 4315 illam
2115 4263 2417 4327 praeclaram
2430 4260 2706 4311 virtutum
