3100 4925
530 408 703 480 1246

527 572 680 631 tum»
727 563 1072 629 occidione
1124 563 1609 628 occubuissent.
1725 553 2100 629 Praefectus
2156 571 2396 643 tamen,
2453 573 2521 632 et
2576 572 2733 632 octo

532 667 979 743 Centuriones,
1031 683 1112 726 ac
1161 664 1651 747 promtissimus
1693 665 1972 748 quisque
1990 667 2470 748 *manipularis*
2488 676 2512 702 ‘²
2555 671 2728 732 ceci-

529 769 719 833 dere:
782 786 908 831 neo
958 765 1165 829 multo
1211 770 1368 847 post
1419 766 1814 846 pabulantes
1858 769 2145 829 nostros·
2167 767 2578 850 missasque⁵
2638 768 2725 832 a‘d

527 870 897 936 subsidium
925 866 1202 932 turmasd
1234 866 1603 948 profligant.
1906 950 1911 956 ι

610 971 717 1038 39.
789 970 964 1035 Tum
1019 967 1325 1033 Ostorius
1381 967 1680 1031 cohortes
1732 967 2112 1049 expeditas‘
2162 967 2522 1051 opposuit:
2592 960 2744 1037 nec*

1226 423 1294 470 G·
1339 421 1705 472 CORNELH
1736 422 2011 471 “mern
2407 425 2498 489 [Α.
2521 428 2590 478 U.
2610 430 2728 478 304·

527 1157 694 1203 essent.
760 1150 1026 1217 Praesectus
1046 1156 1220 1210 tamen,
1260 1155 1307 1198 et
1342 1154 1442 1197 octo
1465 1151 1775 1209 centuriones,
1811 1164 1867 1198 ac
1886 1126 2244 1199 strenuissimus
2262 1150 2452 1212 quisque
2469 1150 2733 1213 manipula-

527 1217 652 1265 rium
671 1216 918 1265 occubuere
929 1231 949 1271 ,·
980 1219 1027 1263 et
1044 1216 1184 1278 paulo
1203 1218 1307 1276 post
1336 1214 1487 1261 etiam
1501 1213 1715 1273 fundunt
1746 1216 2012 1277 pelluntque
2032 1219 2213 1263 nostros
2235 1217 2296 1263 ad
2314 1215 2534 1278 pabulum
2554 1218 2729 1278 euntes,
2809 1242 2820 1255 ·

525 1286 571 1329 et
593 1282 747 1342 ipsum
769 1281 1044 1343 equitatum,
1058 1279 1139 1342 qui
1158 1278 1364 1327 subsidio
1380 1278 1741 1338 missusfuerat.
1906 1316 1937 1341 ,

481 1356 494 1369 ·
594 1345 711 1395 Tum
737 1345 957 1393 Ostorius
987 1344 1195 1392 cohortes
1225 1344 1469 1406 expeditas
1488 1342 1709 1406 immisit,
1730 1357 1812 1391 nec
1835 1348 1993 1391 tamen
2001 1341 2178 1403 fugam
2200 1341 2456 1406 cohibebat,
2477 1342 2570 1391 nisi
2588 1342 2731 1404 legio·

1449 1485 1805 1507 “abd-“N“

526 1584 708 1637 nunciis
728 1600 753 1634 e
768 1585 971 1637 castellis
984 1600 1003 1644 ‚·
1035 1585 1120 1635 vel
1141 1591 1201 1634 ut
1223 1585 1436 1634 Mureto
1457 1584 1677 1647 placuit,
1711 1584 1764 1637 πί
1784 1585 1878 1634 cito
1897 1600 1922 1634 e
1943 1584 2062 1635 vicis
2088 1588 2136 1634 et
2171 1582 2394 1632 castellis.
2461 1581 2618 1631 Haud
2656 1581 2730 1632 ita

528 1650 660 1700 bene
678 1650 900 1714 Lipsius,
932 1650 1116 1712 vii-citis
1138 1650 1323 1701 nunciis
1341 1665 1366 1698 e
1388 1650 1609 1698 castellis.
1643 1648 1873 1700 Brotier.
1940 1649 2070 1698 Cod.
2094 1650 2231 1698 Flor.
2265 1647 2339 1696 Ac
2360 1645 2412 1694 ui
2433 1648 2528 1696 cito
2545 1646 2729 1696 masiis

527 1720 575 1763 et
595 1715 817 1765 castellis.
883 1715 1035 1764 Unde
1068 1714 1276 1763 videtur
1312 1713 1671 1763 scribendum:
1704 1729 1762 1763 ac
1795 1713 1848 1761 πὶ
1879 1712 1974 1762 cito
2007 1712 2193 1762 nunciis
2227 1726 2252 1760 e
2272 1711 2477 1760 castellis
2494 1727 2516 1769 ,·
2548 1717 2640 1760 aut
2670 1717 2733 1761 nt

522 1779 629 1843 jam
648 1780 780 1829 vidit
818 1778 1053 1841 Lipsius:
1087 1794 1144 1827 ac
1164 1779 1219 1828 πί
1254 1778 1367 1827 citis
1404 1777 1590 1827 itandis
1612 1793 1638 1826 e
1659 1777 1881 1827 castellis.
1945 1778 2217 1839 vulgatam
2243 1782 2420 1825 tuetur
2442 1774 2494 1825 J.
2516 1775 2577 1823 F.
2600 1774 2734 1824 Gro-

525 1843 722 1904 novius.
756 1842 987 1907 Ryckius.
1055 1843 1346 1894 Gronovius
1368 1842 1539 1892 omisit
1560 1857 1586 1891 e
1604 1857 1621 1899 ,·
1654 1842 1730 1891 sic
1769 1841 2021 1905 Ryckius‚
2045 1841 2335 1900 Brotierus,
2361 1846 2414 1888 et
2453 1839 2730 1890 Homerus.

524 1912 622 1956 —4
657 1908 970 1969 Gronovius,
1008 1902 1261 1971 Ryckius‚
1284 1908 1575 1967 Brotierns,
1597 1912 1652 1954 et
1673 1907 1934 1955 Homerus
1970 1906 2263 1968 manipulus.-
2296 1903 2471 1952 mallet
2507 1903 2731 1965 Lipsius,

526 1972 849 2034 emam'palis:
879 1971 1109 2020 Pichena
1141 1971 1561 2033 manipularis.—-5
1597 1970 1683 2018 Ita
1721 1971 2039 2019 Puteolanus
2077 1978 2134 2019 et
2172 1970 2444 2016 Ernestus.
2511 1967 2574 2014 In
2601 1968 2729 2017 Mss,

527 2035 665 2083 Flor.
686 2041 741 2082 et
764 2032 942 2082 Guelf.
979 2034 1252 2096 pabulantes
1282 2048 1367 2082 uos
1386 2034 1522 2095 ipsis.
1590 2034 1695 2082 Ms.
1729 2033 1860 2095 Reg.
1900 2042 1956 2083 et
1978 2033 2137 2083 editio
2159 2033 2426 2094 princepS‚
2453 2031 2728 2093 pabulatum

525 2112 610 2145 nos
643 2098 784 2161 ipsos.
852 2097 983 2145 Mss.
1023 2098 1171 2147 Harl.
1210 2103 1266 2145 et
1297 2097 1406 2146 Jes.
1437 2096 1716 2158 pabulantes
1737 2102 1920 2146 nostros
1941 2097 2083 2159 ipsos.
2150 2096 2306 2145 Unde
2344 2094 2510 2143 Aldus
2536 2100 2591 2144 et
2614 2095 2729 2158 alii,

522 2161 796 2238 populantes
826 2167 1027 2226 nostros,
1073 2163 1285 2223 ipsasque
1321 2162 1504 2212 missas.
1584 2160 1884 2225 Gronovius,
1926 2168 1981 2211 et
2016 2159 2243 2230 Rycltins
2280 2158 2474 2211 habent
2509 2160 2724 2225 ipsasque

527 2241 710 2275 missas.
907 2244 914 2249 ’
1976 2242 1985 2249 ·

1481 2372 1486 2379 ·
1509 2335 1735 2387 NOTAE
1828 2346 1831 2349 ’

522 2450 587 2500 lis
610 2449 854 2515 proximis
871 2449 1196 2513 advenirent,
1210 2458 1583 2517 moneremque
1664 2466 1731 2515 pe
1777 2456 2055 2515 promtum,
2094 2457 2150 2501 et
2187 2466 2217 2501 e
2262 2451 2500 2516 proximo
2542 2465 2731 2501 vocan-

523 2533 746 2589 nostros,
762 2528 937 2591 sicque
961 2526 1265 2577 subventum
1287 2527 1438 2578 foret.
1663 2526 1803 2575 dum.

481 2609 488 2615 '
587 2602 689 2652 Sed
720 2603 893 2666 potius
919 2617 947 2650 e
966 2604 1095 2652 vicis
1118 2608 1174 2651 et
1210 2604 1434 2652 castellis
1464 2618 1581 2665 pro·
1725 2608 1748 2633 ⁰
1783 2600 2128 2664 manipularis]
2162 2599 2267 2650 Alii
2300 2602 2481 2665 legunt
2518 2615 2544 2650 e
2577 2602 2731 2651 mani·

522 2678 728 2743 pinquis
771 2678 1074 2727 subventum
1119 2676 1220 2727 fuit
1262 2678 1582 2739 cohortibus,

523 2770 640 2807 eum
659 2755 798 2805 forte
814 2770 910 2822 per
928 2756 1136 2805 nuntios
1159 2755 1438 2805 monuisset
1457 2762 1581 2805 ante

517 2832 828 2897 prefectus,
871 2847 974 2897 quo
1009 2838 1149 2882 statu
1185 2847 1270 2881 res
1295 2838 1485 2896 essent,
1524 2838 1583 2882 et

522 2899 674 2975 quani
697 2909 887 2959 acriter
908 2910 1129 2958 instaret
1150 2908 1331 2957 hostis.

574 2986 723 3038 -Quia
755 2986 980 3034 nondum
1014 2986 1102 3034 illa
1129 2986 1343 3034 castella
1363 2990 1583 3048 structa,

522 3060 644 3124 quia
675 3060 903 3109 nondum
941 3058 1064 3108 satis
1095 3058 1300 3107 firmata
1337 3058 1583 3122 praesidia

520 3134 761 3183 adversus
782 3136 998 3196 hostem,
1015 3146 1186 3198 neque
1202 3135 1252 3182 in
1273 3141 1388 3185 tuto
1410 3136 1580 3198 copiae

520 3214 689 3271 erant,
727 3210 846 3259 ideo
884 3209 1190 3259 subventum
1223 3210 1300 3268 liis
1339 3225 1369 3258 a
1397 3210 1585 3282 milite,

520 3286 610 3351 qui
646 3287 701 3336 in
735 3288 961 3336 castellis
1000 3288 1246 3349 proximis
1286 3287 1580 3350 praesidium

522 3361 792 3425 agitabat3
827 3369 884 3412 et
906 3362 981 3411 ita
1003 3362 1251 3425 disposita
1281 3378 1345 3411 ea
1364 3363 1580 3411 castella

521 3445 689 3503 erant,
721 3445 779 3490 ut
801 3439 900 3489 sibi
924 3439 1145 3490 invicem
1168 3440 1440 3490 subvenire
1463 3454 1580 3504 pos-

517 3521 651 3563 sent.

584 3588 659 3638 Ae
678 3590 730 3637 ni
750 3589 844 3638 cito
863 3589 1003 3652 vicis]
1037 3591 1173 3640 Puto
1196 3591 1300 3654 leg.
1322 3591 1397 3640 Ac
1410 3590 1463 3638 ni
1479 3589 1576 3638 cito

518 3675 547 3711 e
564 3663 682 3711 eicis
711 3670 759 3713 et
778 3667 998 3716 castellis.
1064 3667 1198 3716 Nam
1222 3667 1294 3715 sic
1318 3680 1472 3729 supra
1493 3669 1575 3716 32.

517 3739 533 3766 ‘
557 3738 779 3789 Silurum
820 3754 963 3803 gens,
1000 3755 1101 3790 nou
1139 3741 1434 3804 atrocitate,
1473 3755 1574 3789 non

519 3814 795 3863 clementia
808 3814 1125 3879 mutabatur,
1144 3817 1264 3880 quin
1280 3817 1470 3865 bellum
1486 3830 1576 3884 es-

519 3897 743 3950 ereeret,
761 3892 1047 3954 castrisque
1067 3891 1322 3953 legionum
1341 3905 1575 3955 premen-

517 3964 582 4014 da
605 3964 757 4015 foret.
800 3966 864 4014 Id
879 3966 892 3987 ’
916 3967 1125 4028 (nempe
1150 3965 1415 4031 auxilium)
1438 3968 1454 3995 ‘
1475 3980 1577 4029 quo

517 4044 767 4105 promtius
789 4043 1010 4102 veniret,
1032 4043 1244 4092 Colonia
1269 4043 1577 4092 Camulodu-

511 4130 654 4179 num,
692 4118 866 4166 valida
893 4126 1255 4167 veteranorum
1280 4132 1449 4177 manu,
1490 4117 1579 4166 tle·

516 4194 724 4245 ducitur
745 4195 798 4244 in
832 4210 982 4258 agros
1005 4196 1262 4259 captivos,
1293 4195 1575 4245 subsidium

517 4269 766 4326 advenu-
805 4271 1026 4323 rebelles
1044 4268 1078 4335 ;'
1110 4270 1394 4323 subsidium
1436 4284 1580 4322 nem·

1655 2678 1810 2741 pulis,-
1845 2679 1974 2728 satis
2005 2679 2375 2728 convenienter
2397 2680 2462 2729 ad
2487 2678 2728 2741 sensnm,

1662 2759 1717 2801 et
1749 2753 1883 2802 bene
1914 2754 2001 2802 alii
2036 2755 2314 2817 manipulus.
2376 2756 2512 2804 Nam
2541 2756 2582 2803 si
2610 2756 2730 2804 Cen·

1661 2830 1869 2879 tur-ioum
1911 2829 2174 2889 fortissimi
2216 2830 2406 2895 quique
2460 2830 2726 2892 occidunt,

1661 2903 1838 2968 quidni
1861 2913 1916 2954 et
1942 2907 2204 2969 manipulam
2234 2906 2424 2970 quisque
2444 2906 2731 2971 promtissi-

1662 2995 1771 3030 mus
1793 2982 1813 3029 ?

1668 3081 1674 3086 ·
1725 3057 1830 3107 Ubi
1855 3059 2121 3123 Centurio,
2140 3058 2214 3108 ibi
2236 3065 2291 3109 et
2314 3059 2618 3122 manipulus.
2655 3059 2726 3109 Et

1661 3147 1724 3183 ea
1762 3135 2056 3197 pervicacia
2077 3133 2182 3184 fuit
2216 3136 2605 3196 Centurionum,
2637 3136 2725 3200 qui

1661 3210 1798 3260 bello
1822 3211 2078 3273 acerrimi,
2100 3217 2159 3260 ut
2176 3209 2538 3261 oc'ciderentur
2555 3212 2726 3275 potins

1661 3301 1823 3350 saepe,
1842 3302 1990 3352 quam
2012 3289 2287 3337 stationem
2311 3288 2640 3337 desererent:
2668 3294 2726 3338 et

1660 3362 1953 3415 debuerunt
1983 3364 2273 3412 necessario
2312 3363 2459 3426 sequi
2491 3363 2732 3427 manipn-

1659 3437 1757 3499 lus,
1795 3446 1884 3486 seu
1907 3438 2283 3500 manipulares3
2320 3438 2511 3500 alioqui
2546 3438 2721 3487 statim

1659 3528 1691 3561 a
1712 3528 1887 3577 pugna
1913 3513 2142 3563 decimus
2165 3515 2379 3578 quisque
2418 3512 2546 3562 fusti
2570 3528 2721 3563 neca-

1657 3588 1867 3651 bantur,
1891 3591 1932 3637 si
1958 3590 2117 3639 duces
2138 3590 2459 3640 desererent.
2504 3591 2579 3640 Ut
2600 3603 2722 3639 cen-

1660 3667 1810 3728 turio,
1839 3668 1911 3714 ita
1933 3666 2044 3715 fere
2069 3673 2122 3716 et
2144 3668 2492 3730 manipularis.

1719 3740 1744 3774 ‘¹
1783 3733 2020 3805 ‘flur-mas]
2085 3741 2333 3806 Equitum
2377 3758 2582 3806 nempe,
2628 3743 2717 3807 qui

1655 3818 1947 3881 legionarii,
1985 3819 2068 3867 vel
2107 3820 2291 3880 alares,
2328 3833 2417 3866 seu
2463 3817 2722 3870 auxiliarii
2760 3809 2767 3818 ’

1656 3898 1825 3941 erant.

1719 3974 1742 4001 e
1776 3968 2003 4018 cohortes
2023 3968 2284 4031 expeditas]
2337 3966 2593 4029 Intelligit
2637 3979 2722 4017 co·

1657 4045 1830 4093 hortes
1864 4044 2204 4106 similiarium,
2244 4059 2361 4107 qnae
2394 4045 2534 4092 leves
2559 4051 2614 4093 et
2636 4060 2720 4094 ex·

1660 4120 1886 4184 peditae3
1921 4121 2046 4170 licet
2067 4122 2379 4185 quandoque
2401 4129 2456 4172 et
2479 4123 2718 4173 cohortes

1656 4196 1806 4246 Rom.
1832 4197 2064 4261 quaedam
2090 4199 2304 4248 seorsim
2338 4213 2369 4246 a
2393 4189 2592 4261 legione
2611 4213 2718 4248 me·

1653 4280 1848 4325 retent.
1903 4272 2005 4325 Sed
2024 4287 2197 4337 graves
2216 4274 2717 4341 iuae‚cuiopponun·
