3100 4925
554 367 732 438 1610

557 527 732 605 Illic,
764 546 883 611 per
910 524 1117 589 otium
1161 521 1408 609 (neque
1425 575 1432 584 .
1447 526 1620 587 enim
1650 522 1931 586 ludicris
1967 518 2193 604 ignarij
2236 520 2783 605 oblectabantur)

559 630 714 694 dum
761 634 1197 694 ‘consessum
1226 645 1479 701 caveae,
1509 626 1895 688 discrimina
1942 624 2269 699 ordinum,
2307 626 2460 704 quis
2512 623 2779 706 Equest,

558 731 678 795 ubi
726 727 1034 794 Senatus'
1078 734 1608 811 percunctantur,
1656 726 1991 789 advertere
2041 724 2374 806 quosdam
2421 726 2601 787 cultu
2650 743 2781 787 ex-

560 828 764 900 terno*
824 831 891 894 in
944 830 1214 894 sedibus
1263 830 1689 893 Senatorum:
1761 833 1848 904 et,
1908 831 1930 860 ‘
1961 827 2259 908 quinam‘
2289 815 2544 902 forent,'
2591 827 2783 907 rogi-

559 937 794 1009 tames,
855 939 1214 1014 postquam
1270 931 1685 1007 audiverant,
1752 935 1768 964 ⁴
1803 949 2024 993 earum
2078 929 2367 1010 gentium
2413 928 2661 1007 legatis
2703 927 2780 991 id

559 1030 842 1098 honoris¹
872 1034 1126 1111 datum,
1158 1054 1310 1115 quae
1338 1034 1578 1097 virtute
1626 1038 1694 1095 et
1744 1031 2038 1095 amicitia
2089 1029 2397 1093 Romana
2424 1030 2782 1113 praecelle-

1261 379 1325 430 G.
1372 379 1735 430 oonNnml
1782 378 2038 428 TAcl'rl
2434 382 2530 448 [A‘.
2555 384 2626 435 U.
2652 386 2781 435 812.

560 1222 742 1286 (neque
761 1224 882 1272 enim
899 1224 1192 1287 spectaculis,
1225 1224 1401 1273 talium
1423 1226 1580 1286 rudes,
1600 1224 1987 1281 delectabantur)
2021 1224 2133 1271 dum
2158 1235 2270 1284 quae
2295 1221 2443 1269 sedes
2465 1234 2641 1268 caveae
2665 1221 2788 1268 scie-

560 1288 786 1350 citantur‚
809 1303 868 1337 ac
891 1286 1510 1347 differentiam-ordinum,
1546 1290 1636 1336 ubi
1659 1304 1817 1351 nempe
1842 1289 2043 1350 equites
2066 1288 2201 1335 Rom.
2226 1286 2312 1334 ubi
2333 1286 2520 1333 Patres
2542 1287 2786 1343 sederent,

563 1353 722 1400 videre
742 1353 980 1400 nonnullos
1000 1352 1166 1401 habitu
1188 1357 1411 1402 extraneo
1432 1353 1485 1400 in
1498 1352 1724 1401 subselliis
1741 1359 1951 1415 patrum,
1968 1357 2015 1399 et
2039 1351 2246 1415 quinam
2272 1354 2449 1398 essent
2466 1349 2784 1411 postulantes,

563 1414 645 1462 ubi
666 1420 962 1478 acceperunt,
987 1416 1037 1464 id
1062 1416 1263 1466 decoris
1288 1417 1543 1468 tributum
1566 1432 1660 1466 esse
1686 1417 1880 1479 ,legatis
1906 1416 2109 1463 illarum
2132 1414 2414 1473 nationum,
2436 1428 2550 1476 quae
2572 1412 2788 1461 fortitu-

563 1477 681 1529 dine
706 1485 761 1528 et
784 1481 1034 1529 societate
1059 1482 1205 1537 Rom.
1227 1482 1649 1546 praeeminerent,
1692 1486 1793 1531 tum
1816 1480 2091 1532 clamitant.-
2137 1480 2304 1528 nullos
2348 1478 2643 1526 mortalium
2681 1479 2790 1526 vir-

1531 1647 1782 1714 'NOTAE

632 1800 719 1850 Sic
766 1814 923 1863 supra
964 1804 1045 1849 34.
1100 1801 1114 1828 ‘
1140 1799 1366 1851 Corbulo
1418 1800 1634 1864 dignum

569 1876 923 1940 magnitudine
979 1876 1155 1938 populi
1201 1877 1347 1925 Rom.
1402 1875 1634 1938 rebatur,

567 1956 724 2013 parta
746 1951 865 2000 olim
890 1965 919 1998 a
942 1950 1164 1999 Lucullo
1181 1949 1533 2014 Pompeioque
1559 1964 1637 1998 re·

569 2026 782 2089 cipere!
867 2025 971 2076 Ubi
1023 2031 1081 2075 et
1132 2024 1425 2089 intelligere
1476 2025 1635 2075 debes

568 2098 962 2162 amplitudinem
998 2101 1208 2164 proprie
1233 2108 1282 2151 et
1308 2103 1635 2166 majestatem

571 2175 752 2239 populi
777 2176 923 2224 Rom.

631 2249 649 2292 J
686 2251 878 2315 Ignari]

573 2333 630 2378 et
650 2328 1080 2391 spectaculorum,
1106 2344 1166 2378 ac
1196 2336 1387 2378 ceterae
1410 2330 1637 2379 lasciviae

575 2404 876 2453 theatralis:
930 2418 1048 2452 nam
1087 2405 1273 2454 talibus
1309 2405 1520 2454 ludicris
1556 2420 1644 2454 ne·

575 2496 833 2545 quaquam
856 2481 980 2531 facti
1006 2483 1162 2545 prisci
1181 2483 1445 2534 Germani.
1507 2484 1639 2533 Tac.

574 2556 639 2605 de
683 2557 819 2605 Mor.
853 2557 1031 2607 Germ.
1070 2563 1152 2607 24.
1186 2560 1202 2585 ‘
1226 2560 1403 2608 Genus
1437 2566 1641 2623 specta·

575 2630 805 2683 culorum
830 2645 1007 2694 unum,
1026 2638 1180 2697 atque
1221 2633 1273 2681 in
1312 2634 1451 2682 omni
1483 2640 1640 2684 coetu.

577 2708 720 2758 Nudi
733 2709 975 2772 juvenes,
994 2709 1177 2773 quibus
1196 2709 1251 2758 id
1266 2709 1518 2761 ludicrum
1542 2718 1643 2774 est,

576 2784 732 2837 inter·
763 2784 957 2848 gladios
998 2800 1053 2835 se
1091 2793 1247 2850 atque
1289 2783 1653 2836 infestas·fra-‘

575 2878 714 2915 meas
737 2866 872 2913 saltu
886 2863 1127 2927 jaciunt,'
1155 2866 1254 2915 dcc.

589 2986 598 2991 .
644 2938 668 2973 ¹⁸
698 2940 962 2990 Advertere
1004 2942 1225 3001 quosdam
1262 2941 1400 2988 cultu,
1424 2938 1645 3001 externo]

577 3013 849 3073 Armenios
871 3024 928 3064 et
951 3015 1174 3062 Parthos
1212 3013 1453 3062 sedentes
1489 3016 1542 3062 in
1576 3030 1645 3063 se·

578 3095 714 3151 natu,
753 3090 830 3137 uti
868 3090 1133 3151 eleganter
1175 3090 1446 3139 Suetonius
1484 3091 1647 3155 loqui-

581 3172 686 3214 tur.
766 3165 968 3213 Morem
1002 3170 1185 3223 autem
1225 3180 1343 3217 enm
1382 3165 1564 3230 fuisse,
1594 3173 1649 3215 et

945 2253 1134 2317 Ignari,
1159 2267 1366 2317 nempe,
1393 2252 1657 2306 ludorum.

1714 1802 1890 1850 missos
1912 1799 1966 1849 in
1991 1799 2277 1850 Orchestra
2315 1803 2557 1862 spectare
2592 1797 2793 1863 jussit?

1715 1877 1828 1926 Etsi
1865 1878 1920 1925 id
1961 1883 2200 1926 vetuerat
2238 1884 2376 1936 aute,
2421 1889 2513 1923 sua
2563 1875 2792 1939 quadam

1715 1967 1888 2016 causa,
1911 1952 2212 2016 Augustus:
2263 1960 2321 1998 ut
2360 1951 2411 1997 in
2440 1950 2698 1999 Suetonio
2726 1951 2797 1999 le-

1717 2045 1826 2093 geS‚
1865 2044 1980 2092 cap.
2022 2033 2105 2077 44.
2145 2027 2421 2075 interdicto
2462 2031 2637 2074 tamen
2687 2041 2795 2075 non

1716 2105 1880 2156 firmo.
1960 2104 2066 2154 Sed
2093 2104 2166 2152 ait
2186 2104 2217 2154 J
2225 2103 2422 2151 ustinus
2447 2117 2597 2165 ecee,
2632 2104 2691 2151 iu
2722 2118 2796 2151 se-

1715 2187 1832 2231 natu
1845 2198 1862 2232 .·
1895 2187 1948 2229 et
1966 2179 2243 2230 Suetonius
2269 2178 2407 2240 alibi,
2419 2179 2472 2225 in
2492 2179 2647 2241 equite
2665 2193 2797 2240 spec.

1717 2263 1838 2306 tare.

1782 2332 1886 2382 Sed
1908 2333 2044 2396 quod
2069 2332 2135 2380 de
2158 2330 2344 2393 legatis
2366 2330 2444 2378 his
2469 2328 2534 2378 ad
2565 2330 2797 2378 Neronis

1719 2416 1956 2473 tempora
1989 2407 2208 2457 Tacitus
2237 2406 2434 2467 retulit,
2456 2405 2704 2454 eximium
2738 2412 2797 2455 et

1717 2486 1948 2550 antiquae
1973 2490 2165 2533 nostrae
2188 2481 2530 2545 simplicitatis
2554 2480 2759 2531 factum
2779 2500 2794 2531 ε

1720 2561 2022 2626 Tranquillo
2061 2561 2230 2609 visum
2265 2564 2344 2606 est
2382 2556 2606 2607 Claudio
2643 2557 2798 2605 attri-

1720 2638 1879 2689 buere
1902 2652 1951 2686 c.
1970 2641 2052 2686 25.
2118 2635 2291 2698 Errat,
2312 2647 2394 2682 me
2407 2632 2796 2695 judice‚Tran-

1719 2713 1925 2776 quillus.
1979 2711 2186 2774 Lipsius.

1790 2789 1938 2836 Cultu
1967 2784 2187 2847 externo]
2251 2784 2565 2844 Armeniaco
2588 2790 2644 2832 et
2663 2784 2799 2833 Par-

1726 2864 1882 2925 thien,
1904 2863 2199 2927 qui-cultus
2231 2861 2468 2929 utrisque
2500 2859 2640 2908 idem
2675 2859 2802 2923 fuit,

1726 2945 1816 2990 aut
1835 2940 2042 3003 paulum
2064 2938 2344 2986 dissimilis.
2409 2937 2538 2986 Tac.
2561 2938 2627 2985 de
2650 2937 2800 2986 Mor.

1727 3016 1907 3065 Germ.
1952 3019 2034 3066 17.
2082 3015 2098 3040 ‘
2123 3014 2393 3077 Tegumen
2433 3011 2671 3061 omnibus
2720 3028 2801 3062 sa-

1729 3105 1866 3155 gum,
1889 3089 2069 3151 fibula,
2106 3094 2198 3137 aut
2232 3089 2276 3137 si
2311 3088 2466 3150 desit,
2501 3088 2651 3150 spina
2675 3103 2801 3137 con-

1729 3176 1939 3218 sertum.
2029 3168 2220 3216 Cetera
2262 3166 2469 3226 intecti,
2514 3171 2649 3215 totos
2688 3165 2802 3217 dies

579 3242 715 3292 hunc
736 3243 982 3291 honorem
1005 3243 1138 3291 bene
1163 3243 1360 3291 meritis
1382 3243 1551 3304 sociis,
1570 3244 1645 3292 di·
1716 3246 1872 3310 juxta
1892 3243 2069 3294 focum.
2088 3248 2245 3306 atque
2268 3243 2436 3305 ignem
2478 3248 2640 3306 agunt
2662 3257 2679 3300 ;
2730 3243 2804 3290 lo-

581 3318 686 3368 dici
707 3333 739 3368 e
760 3318 967 3368 Justino
987 3334 999 3366 :
1050 3317 1137 3380 qui
1160 3317 1225 3366 de
1243 3319 1646 3369 Massiliensibus

581 3396 800 3449 l..·xr.111.
824 3397 840 3422 ‘
859 3394 946 3444 Ob
970 3393 1108 3457 quod
1131 3394 1369 3443 meritum
1392 3400 1448 3444 et
1471 3394 1653 3445 immu-

581 3469 718 3518 nitas
739 3470 840 3518 illis
865 3469 1100 3529 decreta,
1124 3474 1179 3516 et
1211 3468 1353 3518 locus
1378 3477 1647 3533 spectacu-

585 3545 747 3594 lorum
771 3545 824 3592 in
848 3551 1029 3592 senatu
1053 3542 1236 3592 datus!

598 3654 602 3663 .
653 3620 791 3668 Item
833 3619 1086 3681 Josepho,
1136 3619 1227 3683 qui
1269 3618 1536 3668 decretum
1589 3620 1648 3671 C.

587 3695 821 3757 Caesaris,
843 3701 899 3743 et
930 3696 1151 3744 Senatus
1188 3696 1381 3744 recitat
1422 3710 1517 3758 pro
1557 3695 1649 3745 Ju-

586 3768 714 3817 daeis
746 3782 861 3816 xiv.
896 3774 975 3818 1⁷.
1012 3769 1062 3817 in
1101 3771 1213 3820 haec
1251 3772 1440 3819 verba:
1475 3770 1491 3798 ‘
1515 3771 1649 3819 Con-

587 3845 704 3911 cedi
727 3844 971 3908 Hyrcano
1007 3846 1223 3910 ejusque
1256 3845 1392 3909 finis,
1415 3846 1542 3896 item
1579 3847 1649 3895 le·

588 3921 723 3986 gatis
760 3920 850 3985 qui
874 3921 938 3969 ab
962 3935 1022 3967 eo
1051 3921 1209 3984 missi,
1232 3922 1572 3985 gladiatorum
1595 3929 1651 3972 et

587 3995 814 4047 fetarum
833 4008 1046 4060 pugnas
1067 4004 1323 4059 spectare
1360 3999 1413 4046 in
1448 3999 1652 4050 sedibus

588 4070 923 4133 senatorum?

603 4188 614 4195 ,
654 4150 768 4211 Dio.
786 4151 992 4200 Cassius
1011 4152 1063 4200 in
1082 4152 1288 4215 Fragm.
1312 4152 1379 4203 de
1395 4153 1650 4216 Trojano:

590 4226 607 4255 ‘
635 4226 790 4280 Quod
829 4228 1077 4294 Traianus
1128 4230 1331 4294 legatos
1372 4245 1406 4282 a
1447 4230 1669 4296 regibus·

1728 3319 2068 3382 cupietissimi
2088 3325 2251 3369 veste-
2266 3319 2669 3382 distinguuntur,
2694 3331 2803 3366 non

1727 3394 1985 3458 fluitante,
2021 3395 2156 3444 sicut
2190 3394 2439 3443 Sarmatae
2478 3397 2571 3441 aut
2593 3392 2805 3454 Parthi,

1729 3471 1823 3531 sed
1861 3472 2060 3531 stricta,
2083 3476 2138 3520 et
2177 3469 2404 3532 singulos
2443 3475 2589 3518 artus
2623 3470 2804 3533 expri-

1729 3546 1938 3595 mente!

1792 3620 1805 3654 ¹
1844 3624 2046 3684 [segetis
2082 3621 2381 3686 ici-honoris]
2445 3621 2609 3670 Certe
2624 3622 2806 3683 legatis

1730 3697 1784 3746 id
1808 3698 2075 3760 tributum,
2097 3702 2155 3746 ut
2176 3697 2419 3749 sederent
2443 3697 2493 3745 in
2513 3697 2807 3746 Orchestra
2838 3750 2847 3758 ,

1732 3781 1787 3824 et
1821 3780 2038 3834 senatu;
2094 3779 2326 3822 attamen
2368 3774 2420 3822 id
2460 3773 2806 3836 prohibuerat

1731 3849 2014 3913 Augustus,
2036 3860 2154 3898 eum
2177 3848 2630 3901 animadvertisset
2657 3848 2805 3913 lega-

1734 3932 1815 3975 tos
1836 3925 2066 3975 libertini
2086 3925 2291 3987 generis
2312 3925 2621 3988 quandoque
2642 3926 2805 3984 mitti,
2885 3985 2897 3991 ᾖ

1731 4002 1867 4050 haud
1892 4001 2050 4075 dubie
2071 4014 2104 4049 a
2124 4000 2350 4063 regibus,
2385 4001 2474 4065 qui
2496 4000 2689 4049 talibus
2721 4017 2804 4050 ar-

1732 4093 1864 4126 cana
1885 4077 2247 4127 dominationis
2270 4091 2409 4140 saepe
2433 4076 2807 4141 committuuu

1735 4155 1879 4218 quasi
1923 4152 2259 4215 fidelioribuS‚
2300 4158 2359 4214 et
2399 4151 2486 4215 qui
2523 4165 2626 4201 non
2663 4153 2809 4217 aliqu,

1735 4244 1832 4281 nec
1853 4229 1951 4280 nisi
1972 4228 2225 4296 principis
2242 4226 2673 4297 spesrespicinnt.
2703 4256 2713 4265 0
2736 4288 2745 4298 ι
