3100 4925
380 397 646 480 ,1240sz
1066 388 1484 450 AnNALmM.
1526 392 1697 460 ms..
1722 392 1902 444 xm.
2408 377 2584 452 1521

377 543 629 612 „ornum
654 539 1006 622 certamen,
1034 534 1214 620 quod
1238 536 1678 604 immodestos
1717 538 2010 612 fautores
2053 535 2458 619 histrionum,
2472 547 2584 607 et?
2619 553 2651 587 -·

385 658 456 738 ἐτῇ.
478 638 775 703 Praetore
819 640 888 702 iu
932 638 1200 718 vincula
1238 637 1497 717 duetoS,
1544 640 1880 712 Tribunus
1910 644 1932 710 ,‘
1955 640 2184 720 omitti'
2202 641 2522 742 jussisset
2540 651 2587 740 :f

390 741 936 822 comprobavere³
972 739 1231 817 PatreS,
1259 740 1573 804 incusata
1617 745 1638 774 ‘
1665 740 1946 805 Antistii
1976 740 2284 806 licentia?
2369 742 2585 809 Simul

388 840 708 924 prohibiti
734 839 1069 917 Tribuni?
1098 840 1253 924 ‘jus
1281 838 1660 905 Praetorum
1688 845 1756 905 et
1785 840 2172 906 Consulumb
2203 843 2583 927 praeripere,

377 985 614 1037 ‘fautores
635 988 924 1050 mimorum,
945 951 1047 1039 crim
1069 1004 1145 1038 eos
1164 991 1503 1041 tumultuantes
1530 991 1908 1055 lascivientesque
1926 996 2106 1055 pretor
2124 992 2176 1041 in
2199 992 2459 1042 custodiam
2479 998 2586 1043 tm·

384 1052 542 1101 heret.-
573 1054 820 1102 laudavere
841 1054 1016 1102 Patres
1035 1054 1336 1118 Vibullium,
1346 1055 1579 1120 increpita
1609 1055 1827 1105 Antistii
1859 1056 2090 1105 audacia.
2157 1055 2313 1105 Simul
2331 1057 2469 1106 vetiti
2492 1059 2583 1107 tn·-

387 1114 516 1180 mi,
538 1116 800 1166 vindicare
821 1117 918 1166 sibi
928 1118 1016 1181 jus
1038 1123 1339 1182 praetorum,
1374 1126 1467 1169 aut
1501 1134 1691 1171 vocare
1729 1134 1796 1169 ex
1831 1119 1991 1172 Italia
2026 1134 2104 1169 eos
2134 1120 2436 1185 quibuscum
2461 1120 2583 1185 jure

1310 1257 1398 1279 ΝΟ
1401 1259 1632 1280 ΙΜΟΟΟ
1636 1261 1666 1280 0

386 1344 652 1393 veteribus
672 1315 1119 1407 Inscriptionibus.
1153 1345 1468 1396 Brotier.——2
1501 1346 1574 1397 Et
1594 1346 1744 1396 abest
1763 1361 1795 1396 a
1816 1347 1916 1399 Ms.
1944 1348 2056 1399 Jes.
2089 1351 2367 1411 potestque
2388 1336 2580 1397 omitti.

383 1408 626 1459 Idem—3
661 1410 898 1459 Muretus
921 1410 1101 1459 mallet
1117 1424 1211 1459 non
1226 1412 1498 1473 probavere.
1560 1411 1698 1461 Saue
1729 1412 1912 1462 durum
1943 1418 2025 1462 est
2053 1411 2424 1476 comprobavere,
2446 1412 2574 1466 lieet

1370 1537 1585 1589 No'rAE

364 1646 469 1696 'Sic
491 1645 749 1710 distingue
782 1653 837 1697 et
863 1647 1095 1712 intellige
1116 1665 1129 1698 ε
1169 1651 1296 1700 Nam
1316 1651 1444 1700 inter

392 1721 652 1773 Vibullium
686 1728 935 1787 praetorem
956 1729 1005 1773 et
1033 1726 1185 1788 plebei
1205 1727 1445 1778 tribunum

382 1799 649 1850 Antistium
668 1805 823 1848 ortum
844 1804 1076 1850 emunim
1096 1801 1446 1865 conrprobuvere

377 1879 563 1937 patres,
585 1874 822 1924 incusata
850 1874 1060 1924 Antistii
1089 1877 1302 1939 licentia,
1323 1879 1445 1939 quod

379 1949 680 2009 immodestos
719 1949 941 2009 fautores
982 1951 1264 2002 histrionum
1320 1958 1371 2001 et
1414 1968 1445 2001 a

379 2027 585 2087 pretore
604 2024 656 2073 in
670 2024 859 2074 vincula
872 2027 1033 2074 ductos
1054 2024 1269 2076 τήὸιιπιιε
1288 2025 1447 2077 ontitti

448 2174 516 2224 Id
556 2181 819 2225 certamen
860 2176 952 2228 ita=
977 2176 1319 2241 comprobant
1356 2192 1448 2242 pa-

384 2253 511 2314 tres,
532 2256 592 2299 ut
608 2251 828 2301 laudent
844 2252 1128 2303 Vibullium
1150 2259 1447 2317 praetorem,

384 2332 441 2375 et
459 2325 699 2375 incusent
728 2325 1021 2377 Antistium
1056 2326 1317 2378 tribunum
1339 2328 1448 2391 pie-

382 2399 482 2450 bis.
550 2401 905 2464 comprobant
937 2407 1203 2452 certamen
1233 2401 1447 2450 Vibullii

383 2476 643 2543 praetoris‚
659 2482 720 2525 et
741 2476 1004 2527 tribunum
1021 2480 1247 2540 arguunt
1272 2478 1444 2531 nimiae

385 2552 638 2603 audacia.

450 2634 474 2669 1
510 2627 705 2689 Ortum]
739 2625 875 2676 Orto
894 2626 1176 2677 certamine
1196 2627 1335 2677 inter
1355 2627 1446 2677 vi-

382 2701 600 2752 bullium
622 2710 678 2753 et
710 2704 1013 2768 Antistium,
1047 2704 1323 2754 laudavere
1353 2705 1443 2754 Vi-

382 2777 595 2829 bullium
640 2787 835 2844 patres,
891 2796 982 2830 seu
1021 2780 1444 2845 comprobavere,

381 2855 520 2918 quod
541 2856 872 2905 immodestos
892 2854 1120 2905 fautores
1140 2856 1441 2905 histrionum

378 2927 432 2978 in
466 2929 673 2980 vincula
710 2930 947 2994 duceret,
974 2931 1210 2983 incusata
1246 2930 1444 2981 tribuni

377 3002 613 3065 licentia,
633 3004 773 3067 quod
791 3018 879 3053 eos
895 3002 1126 3054 fautores
1148 3005 1317 3056 omitti
1330 3006 1444 3070 jus-

377 3077 569 3128 sisset:
601 3093 806 3143 nempe,
839 3079 1213 3129 intercedendo
1253 3081 1443 3131 actioni

376 3154 638 3219 praetoris,
673 3168 762 3204 eos
783 3153 966 3204 vinclis
990 3161 1259 3204 exemerat
1281 3155 1442 3211 tribu-

383 3243 498 3280 nus.

445 3303 934 3367 tomittijuoeioeet]
979 3305 1101 3355 Hoc
1141 3307 1313 3370 potuit
1350 3304 1443 3356 tri·

379 3378 547 3438 bunus
568 3381 738 3444 plebis
761 3395 857 3445 pro
868 3380 990 3444 jure
1021 3386 1078 3429 et
1113 3394 1209 3444 pro
1234 3394 1327 3430 sua
1354 3395 1450 3444 po-

376 3460 605 3517 testate3
631 3458 803 3520 potuit
824 3456 927 3506 vim
947 3455 1224 3519 probibere
1257 3470 1289 3504 a
1320 3470 1445 3520 quo-

379 3545 600 3597 cumque
640 3533 961 3595 mortalium3
1012 3547 1113 3597 qua
1153 3538 1322 3581 tamen
1354 3547 1447 3596 po·

375 3613 569 3658 testate
610 3608 756 3658 abuti
778 3623 881 3658 non
901 3607 1086 3657 debuit
1106 3609 1160 3657 in
1179 3607 1443 3658 licentiam

365 3683 551 3751 plebis
591 3689 650 3732 et
684 3684 814 3732 tales
848 3682 1116 3733 factiones.
1196 3680 1445 3747 Alioquin

1523 1651 1654 1701 riam
1691 1652 2042 1715 prohiberent,
2085 1665 2234 1716 quam
2273 1654 2336 1700 ut
2387 1648 2585 1719 aliquid

1524 1732 1775 1789 agerent3
1810 1727 1970 1791 igitur
1989 1726 2219 1791 quemvis
2252 1725 2408 1775 etiam
2441 1737 2586 1774 sena-

1524 1806 1710 1864 torem,
1750 1802 1904 1851 etiam
1947 1808 2003 1852 et
2045 1800 2332 1865 principem
2374 1803 2438 1849 eo
2469 1813 2584 1849 aevo

1527 1876 1661 1926 tueri
1687 1882 1991 1941 potuerunt,
2011 1882 2194 1926 contra
2227 1877 2328 1924 vim
2358 1874 2584 1924 intenta·

1526 1957 1633 2002 tam
1657 1969 1688 2001 a
1709 1952 2021 2015 potentiore,
2053 1966 2146 2001 seu
2176 1947 2506 2011 violentiore,
2527 1954 2585 1997 et
2660 1959 2664 1964 ·

1523 2026 1674 2077 licuit
1694 2026 1796 2075 illis
1837 2025 2166 2076 intercedere
2205 2022 2467 2089 quibusvis
2495 2022 2582 2072 de—

1509 2102 1685 2178 cretis
1706 2102 1942 2152 Petrum.

1590 2178 1767 2228 Licuit
1799 2178 1942 2241 ipsis,
1967 2190 2338 2243 quemcumque
2365 2175 2582 2239 vellent,
2643 2183 2646 2187 “

1522 2254 1787 2316 arreptum
1822 2254 1873 2301 in
1909 2253 2206 2303 concionem
2247 2250 2486 2315 prodere,
2507 2251 2586 2300 ita

1522 2334 1585 2378 nt
1602 2334 1857 2403 ‘cogerent
1878 2329 2023 2379 illum
2045 2327 2361 2391 respondere
2383 2327 2449 2376 de
2471 2329 2584 2391 qui-

1524 2403 1623 2453 bus
1640 2403 1796 2453 rebus
1827 2404 1869 2453 is
1908 2410 2048 2454 esset
2069 2402 2450 2467 interrogatus;
2485 2402 2584 2451 sic·

1526 2494 1629 2545 que
1649 2485 1796 2530 tanta
1818 2482 2056 2545 potentia
2073 2479 2220 2543 freti,
2241 2494 2298 2529 se
2321 2494 2584 2543 opponen-

1524 2554 1592 2604 do
1614 2555 1853 2606 Patribus
1883 2569 2092 2620 magnas
2114 2569 2255 2619 saepe
2275 2555 2455 2605 turbas
2478 2569 2583 2607 mo·

1521 2643 1665 2680 vere.

1585 2708 1777 2757 Tamen
1796 2707 1841 2756 si
1863 2721 1993 2757 unus
2008 2706 2217 2770 collegii
2236 2704 2584 2769 rogationibus

1521 2782 1736 2832 aliorum
1753 2782 2122 2846 intercederet,
2136 2781 2458 2845 impediebat
2479 2796 2584 2831 om·

1520 2857 1626 2907 nia.
1692 2857 1828 2906 Haec
1866 2863 2096 2921 potestas
2139 2856 2334 2906 abolita
2362 2871 2394 2905 a
2425 2856 2585 2920 Sylla,
2640 2876 2644 2880 ·
2732 2846 2736 2853 ’

1523 2932 1765 2983 restituta
1804 2949 1836 2983 a
1868 2933 2140 2997 Pompeio,
2162 2932 2283 2981 dein
2321 2931 2417 2981 sub
2448 2930 2583 2981 Con·
2664 2947 2673 2954 ·

1503 3008 1751 3057 =stautino
1769 3007 2008 3071 principe
2031 3021 2237 3071 prorsus
2257 3006 2432 3056 desiit.
2479 3018 2482 3021 ’
2504 3036 2509 3041 ·

1587 3089 1613 3116 ⁸
1642 3083 1886 3132 Prohiberi
1927 3083 2131 3145 tribuni]
2209 3083 2331 3134 Non
2379 3081 2584 3134 mirum.

1520 3156 1734 3221 Quippe
1777 3159 1865 3223 qui
1902 3172 2001 3207 nec
2039 3158 2219 3207 Roman
2256 3158 2585 3209 vocationem

1521 3231 1817 3295 habuerint,
1857 3239 2071 3281 auctore
2112 3233 2380 3281 Varrone:
2435 3232 2584 3297 cujus

1521 3307 1684 3358 verba
1723 3307 1779 3355 in
1813 3305 2007 3370 Agellii
2046 3308 2206 3357 Noct.
2245 3313 2484 3360 x111.12.
2527 3310 2584 3359 in

1523 3382 1684 3431 Italia
1704 3382 1867 3431 multo
1894 3382 2083 3442 minus,
2115 3382 2308 3446 quippe
2342 3398 2460 3433 cum
2494 3398 2586 3448 poe

1524 3464 1690 3521 testas
1713 3470 1890 3506 eorum
1919 3450 2078 3505 Urbis
2110 3456 2363 3507 duntaxat
2398 3456 2585 3508 finibus

1524 3533 1912 3585 terminaretur.
1967 3530 2101 3581 Vide
2139 3531 2361 3594 Dionys.
2391 3533 2431 3583 1.
2455 3546 2584 3586 vm.

1522 3609 1734 3673 Lipsius.

1587 3683 1612 3718 δ
1641 3686 1736 3733 Jus
1766 3688 2023 3747 proetorum
2053 3686 2103 3731 et
2131 3683 2393 3747 romulum]
2425 3684 2583 3736 Quod

376 3758 604 3823 ipsemet
626 3759 859 3808 tribunus
880 3758 1111 3808 coerceri
1135 3759 1326 3822 potuit,
1356 3759 1442 3808 vel
1510 3760 1601 3824 jus
1622 3758 1992 3824 praeripiebant
2022 3757 2214 3807 tribuni
2247 3756 2582 3821 plebis,·cum

374 3846 407 3883 ι
466 3832 679 3896 collegis
732 3833 816 3883 vel
865 3833 1021 3882 etiam
1074 3848 1107 3882 a
1149 3831 1442 3882 consulibus

378 3908 741 3974 patribusque,
763 3914 822 3957 ut
842 3910 940 3957 boc
962 3923 1101 3958 casu.
1172 3933 1182 3944 ·

435 3983 688 4046 suasisset]
738 3984 972 4032 Fuerunt
1016 3983 1238 4047 primum
1270 3983 1438 4033 creati

374 4061 601 4127 quinque
642 4059 849 4121 tribuni,
883 4058 1001 4108 dein
1033 4059 1233 4121 decem,
1254 4058 1322 4107 ad
1357 4063 1438 4107 tu·

373 4135 590 4188 tundam
616 4135 820 4200 plebem
840 4132 1086 4184 adversus
1115 4132 1349 4184 consules
1383 4138 1439 4182 et

1520 3840 1772 3884 vocarent
1805 3833 1871 3882 ad
1894 3846 1950 3882 se
1972 3832 2114 3881 cives
2147 3845 2240 3881 seu
2276 3832 2462 3895 socios,
2491 3833 2582 3899 qui

1522 3915 1806 3975 praetorum
1838 3914 1930 3958 aut
1951 3908 2216 3958 consulum
2240 3908 2580 3961 tribunalibus

1521 3985 1765 4034 assistere
1809 3982 2118 4046 debuerunt,
2169 3997 2287 4033 cum
2330 3992 2597 4039 vocarent*

1517 4074 1585 4108 ex
1605 4058 1764 4108 Italia
1784 4058 1992 4129 eosqui
2016 4058 2249 4122 judicari
2269 4058 2527 4109 deberent
2547 4075 2583 4111 a

1519 4134 1830 4197 praetoribus
1851 4148 1944 4184 seu
1964 4134 2278 4198 consulibus,
2295 4141 2351 4185 et
2368 4135 2579 4200 quibus·
2654 4164 2657 4169 ·

373 4201 687 4277 optimatem
721 4218 779 4260 et
798 4209 960 4273 magis
985 4215 1046 4259 ut
1075 4209 1182 4261 vim
1218 4215 1275 4260 et
1300 4208 1440 4282 inju-
1509 4223 1636 4301 'cum
1656 4210 1774 4278 lege
1797 4208 1882 4275 agi
1903 4214 2095 4275 posset.

507 4282 683 4356 Delph.
702 4296 751 4341 et
776 4278 891 4342 Ver.
916 4290 1045 4339 Clas.

1407 4288 1562 4342 Tamt-

2338 4290 2449 4350 51)
