3100 4925
452 413 626 488 1:oess
1179 430 1248 477 c.
1295 419 1664 477 consumi
1708 425 1970 475 'raon-1

2355 427 2449 496 [A.
2471 435 2539 486 U.
2556 438 2676 490 m.

469 611 478 622 ‘
541 589 606 670 3'.
647 587 786 668 Die
829 600 1077 696 funeris
1132 599 1585 666 laudationem
1637 600 1785 684 ejus
1843 593 2164 684 Princeps
2218 581 2501 667 exorsus
2542 601 2668 670 est‘.

521 800 621 852 Die
642 801 942 866 exequiarum
962 803 1219 852 orationem
1238 800 1400 851 habuit
1422 801 1603 864 Caesar,
1633 814 1727 864 qua
1751 797 2058 848 defunctum
2079 794 2353 846 celebravit.
2419 798 2563 848 Dm
2577 813 2674 849 ne,-

1464 978 1678 1030 NOTAE

451 1138 544 1195 'Sic
594 1136 939 1188 sacerdotium
997 1139 1379 1201 honorabatur3
1445 1139 1519 1188 sic

455 1214 615 1288 etiam
639 1214 784 1271 Livia
813 1213 1092 1276 decorata;
1126 1215 1199 1264 sic
1245 1220 1301 1264 et
1335 1215 1521 1280 Agrip-¹

453 1292 598 1364 pina,
632 1306 733 1341 non
771 1290 908 1341 forte
946 1294 1109 1341 solum
1145 1293 1265 1357 quia
1286 1294 1522 1356 Augusta,

456 1368 552 1418 sed
575 1368 732 1418 etiam
770 1368 887 1432 quia
908 1375 1129 1432 utraque
1159 1370 1422 1434 sacerdos,
1437 1370 1521 1419 Iai-

456 1443 542 1496 via
563 1443 809 1508 Augusti,
829 1443 1121 1508 Agrippina
1142 1445 1358 1494 Claudii.

520 1520 598 1571 At
635 1521 753 1570 aliae
778 1519 998 1569 foeminae
1044 1536 1170 1570 auro
1210 1528 1266 1569 et
1306 1520 1522 1584 gemmis

456 1612 552 1662 pro
588 1598 776 1648 lictore
801 1598 1097 1647 utebantur.
1166 1597 1396 1647 Ornatus
1434 1598 1521 1646 ille

457 1679 516 1732 et
538 1673 806 1738 splen'dor,
844 1674 1129 1737 majestatis
1162 1675 1294 1736 loco,
1318 1674 1523 1724 turbam

457 1750 830 1811 summovebat,
869 1756 1004 1799 teste
1047 1750 1186 1801 Plin.
1235 1751 1270 1800 1.
1317 1762 1398 1800 rx.
1437 1755 1521 1801 35.

389 1823 392 1826 ’
460 1824 871 1890 ‘Affeetantque
906 1817 1017 1890 ja'm
1051 1832 1106 1876 et
1151 1840 1407 1890 pauperes
1430 1825 1523 1876 foe-

456 1901 611 1952 minoe
651 1902 892 1952 lictorem
939 1902 991 1951 in
1034 1904 1240 1966 publico
1284 1904 1521 1954 unionem

458 1979 575 2025 esse
613 1977 945 2027 dictitantes!
1012 1978 1087 2026 At
1120 1978 1254 2027 infra
1288 1984 1367 2028 18.
1406 1995 1522 2029 cum

456 2052 692 2102 excubiae
731 2053 1001 2115 militares,
1039 2069 1153 2117 quoe
1194 2053 1524 2119 Agrippinae,

456 2134 518 2177 ut
559 2128 708 2177 uxori
746 2134 802 2177 et
841 2130 996 2177 matri
1038 2130 1307 2195 principis,
1330 2132 1524 2183 additae

457 2212 626 2267 crant,
666 2206 1022 2271 Germanique
1066 2208 1224 2257 etiam
1264 2211 1526 2274 custodes,

458 2278 658 2344 digredi
667 2281 920 2344 jubentur
937 2298 967 2331 a
984 2282 1184 2334 foribus
1197 2285 1525 2354 Agrippinae,

458 2363 568 2406 tum
597 2361 778 2406 tamen
816 2353 907 2406 hos
946 2355 1159 2409 lictores
1198 2362 1298 2425 ipsi
1322 2363 1525 2415 ablatos

355 2463 368 2469 -
455 2445 587 2499 esse,
630 2447 734 2483 uon
778 2432 909 2483 dicit
955 2436 1184 2486 Tacitus.
1250 2438 1355 2488 Sed
1401 2441 1526 2506 quid

458 2502 562 2562 duo
582 2508 945 2559 homunciones
986 2517 1150 2561 tantae
1183 2514 1397 2577 reginas,
1429 2518 1557 2571 nisi*

457 2590 515 2633 ut
537 2584 801 2633 calamitas
825 2586 987 2648 major
1013 2591 1331 2650 appareret?

524 2658 549 2692 ¹²
597 2660 870 2709 Censorium
894 2661 1072 2726 funus]
1154 2663 1303 2712 Idem
1340 2671 1422 2714 est
1462 2682 1524 2717 ac

447 2736 612 2798 funus·
627 2738 905 2802 principale,
941 2746 1002 2788 ut
1024 2745 1172 2803 puto,
1195 2742 1316 2805 quia
1337 2754 1525 2794 censor

458 2814 703 2877 princeps
749 2820 978 2877 senatus,
1021 2826 1078 2865 et
1119 2831 1279 2879 supra
1320 2824 1524 2869 ceteros

456 2890 599 2939 cives
638 2893 694 2937 et
711 2889 1047 2959 ipsos'patres
1064 2893 1341 2945 eminebat.
1386 2895 1527 2945 Hinc

455 2964 880 3024 emoriumfuaems
900 2968 1221 3031 praecipuum
1242 2984 1304 3018 ac
1328 2973 1527 3033 magni-

455 3038 843 3106 ficentissimum
868 3039 984 3090 fuit.
1049 3041 1283 3106 Ideoque
1307 3050 1364 3093 et
1384 3046 1524 3107 prin-

456 3114 562 3179 cipi
575 3113 884 3177 exhibitum,
894 3129 1081 3179 nempe
1095 3117 1218 3180 quia
1229 3120 1524 3185 maximum,

457 3197 515 3239 et
568 3189 804 3239 omnibus
853 3191 1132 3241 honoribus
1186 3196 1524 3246 cumulatissi-

457 3280 617 3323 mum.

526 3341 772 3407 Hincque
811 3342 1057 3408 colligere
1099 3344 1244 3409 licet,
1268 3350 1531 3399 censoriam

449 3416 603 3477 funus
643 3417 780 3469 idem
804 3433 920 3469 esse
942 3435 1004 3470 ac
1026 3423 1326 3486 maximum,
1348 3427 1530 3487 praeci-

456 3511 637 3560 puum,
677 3502 733 3546 et
775 3497 1080 3561 principalis
1120 3498 1319 3564 fastigii
1355 3501 1529 3565 funus,

459 3583 577 3633 eum
601 3577 657 3621 et
677 3574 993 3623 consecratis
1011 3575 1267 3641 Divisque
1282 3578 1530 3644 principi-

459 3646 558 3695 bus
577 3646 861 3697 tribuatur.

479 3712 488 3720 ¹
524 3720 540 3753 ¹
560 3722 631 3770 Et
668 3738 780 3771 mox
817 3725 1125 3788 consecratio]
1190 3726 1416 3776 Videtur
1435 3728 1527 3778 illa

458 3798 781 3861 eonsecratio
856 3800 1182 3861 praecessisse
1239 3803 1527 3852 Flaminium

455 3870 585 3941 illud
614 3873 860 3923 Claudiae
883 3874 1206 3937 Agrippinae.
1273 3878 1391 3928 Quo
1420 3893 1527 3928 mo·

459 3947 704 4009 do2enim
737 3948 941 3996 decreti
973 3949 1192 3998 Claudio
1229 3952 1525 4002 sacerdotes

460 4029 517 4085 et
529 4023 754 4086 sodales,
765 4024 860 4072 nisi
879 4026 1024 4086 prius
1043 4028 1096 4073 in
1106 4026 1337 4075 Deorum
1355 4041 1529 4079 nume-

460 4113 576 4149 rum
599 4099 793 4148 relatus
828 4099 1002 4149 esset?
1036 4100 1309 4151 Quomodo
1340 4102 1528 4168 Agrip-

460 4174 589 4238 pina
619 4175 860 4226 sacerdos
890 4189 980 4224 seu
1001 4176 1285 4227 Flaminica
1307 4177 1527 4241 Claudii,

456 4251 559 4302 nisi
599 4250 742 4317 prius
765 4251 1012 4302 Claudius
1049 4263 1380 4307 consecratus
1415 4254 1528 4308 fue-

1599 1137 1697 1187 rit?
1731 1144 1981 1200 attamen,
1999 1140 2148 1200 puto,
2181 1135 2330 1185 simul
2362 1134 2575 1185 decreta
2593 1134 2674 1186 fu-

1598 1211 1699 1264 isse
1711 1214 1929 1266 Claudio
1942 1211 2404 1277 consecrationem,
2414 1218 2470 1261 et
2483 1209 2679 1278 Agrip-

1600 1290 1736 1353 pinae
1764 1288 2049 1338 Flamz‘nium
2071 1289 2336 1338 Claudiae.

1665 1369 1803 1417 Nam
1837 1368 1959 1416 Tac.
1995 1367 2137 1415 simul
2171 1366 2372 1418 Claudio
2411 1365 2673 1420 censorium

1591 1443 1760 1505 funus,
1802 1449 1849 1491 et
1886 1458 1998 1491 mox
2032 1442 2342 1491 enumeratio:
2393 1447 2450 1491 et
2489 1441 2676 1491 Flami-

1601 1520 1740 1568 nium
1811 1533 1905 1568 seu
1958 1516 2305 1567 sacerdotium
2359 1515 2670 1579 Agrippinae

1602 1596 1714 1659 ipse
1739 1596 1880 1658 prius
1905 1598 2177 1655 memorat,
2197 1606 2302 1642 non
2333 1593 2455 1656 quia
2485 1592 2559 1641 sic
2598 1606 2678 1641 or·

1603 1671 1724 1720 dine
1757 1685 1837 1724 res
1873 1676 2019 1733 gesta
2038 1675 2195 1730 esset,
2216 1667 2310 1716 sed
2336 1675 2391 1717 ut
2415 1682 2533 1731 quae
2558 1682 2676 1731 per·

1610 1749 1839 1797 tinerent
1887 1747 1953 1795 ad
1992 1745 2339 1808 Agrippinam
2379 1744 2527 1794 simul
2572 1758 2675 1794 uno

1611 1831 1863 1875 contextu
1901 1829 1957 1873 et
1997 1821 2181 1871 eadem
2220 1820 2353 1871 serie
2393 1834 2676 1885 exequere·

1612 1909 1714 1951 tur.

1676 1976 1827 2025 Idem
1864 1974 2035 2024 habet
2057 1974 2200 2023 Suet.
2228 1971 2358 2022 Ner.
2381 1975 2468 2022 9st
2510 1970 2678 2022 Orsus

1604 2052 1722 2101 hinc
1743 2067 1773 2101 a
1791 2050 1997 2115 pietatis
2015 2049 2384 2109 ostentatione,
2402 2048 2675 2100 Claudium

1606 2127 2000 2191 apparatissimo
2015 2125 2198 2176 funere
2217 2125 2409 2173 elatum
2425 2123 2678 2187 laudavit,

1607 2202 2034 2266 consecravitque
2048 2200 2081 2249 ι’
2108 2214 2296 2263 nempe
2317 2199 2479 2249 Nero.

1675 2278 1999 2341 consecratio]
2029 2279 2151 2327 Mos
2171 2277 2258 2330 ille
2287 2275 2509 2340 primum
2530 2274 2679 2332 iusti-

1606 2362 1751 2429 tutus
1795 2356 1860 2405 ab
1898 2354 2159 2418 Augusto,
2209 2367 2311 2416 quo
2348 2350 2679 2406 ,consecravit

1605 2433 1818 2496 Julium,
1834 2431 1954 2485 dein
1976 2429 2213 2480 Tiberius
2236 2427 2548 2491 Augustum.
2583 2428 2673 2481 Do

1608 2508 2001 2558 consecratione
2020 2504 2336 2573 Augusti-sic
2353 2503 2487 2555 Dio:
2511 2505 2526 2532 ‘
2546 2504 2678 2555 Erat

1607 2585 1775 2632 lectus
1799 2596 1865 2630 ex
1888 2582 2047 2631 ebore
2086 2586 2143 2630 et
2174 2595 2296 2630 auro
2318 2579 2527 2640 factus3
2561 2580 2678 2643 ejus

1606 2674 1791 2723 corpus
1812 2658 2027 2722 jacebat
2049 2658 2328 2707 occultum.
2392 2655 2535 2706 Ante
2570 2671 2679 2706 om-

1606 2737 1694 2785 nia
1732 2741 1909 2785 statua
1947 2734 2062 2798 ejus
2101 2748 2258 2783 cerea
2281 2733 2483 2794 vestitu,
2498 2732 2679 2782 trium-

1606 2811 1745 2876 phali
1768 2810 2061 2874 videbatur,
2101 2823 2263 2873 eaque
2286 2824 2354 2858 ex
2386 2809 2578 2873 palatio
2599 2807 2678 2859 fe·

1607 2886 1820 2937 rebatur
1842 2886 1908 2935 ab
1929 2886 2013 2947 iis,
2037 2885 2125 2950 qui
2162 2885 2215 2933 in
2255 2890 2561 2948 sequentem
2590 2898 2680 2935 an·

1612 2980 1734 3016 num
1770 2967 2103 3029 magistratus
2138 2965 2397 3029 designati
2430 2961 2680 3015 fuerant:

1611 3040 1801 3089 deinde
1823 3053 1889 3089 ex
1919 3040 2066 3089 curia
2101 3040 2267 3090 altera
2304 3052 2481 3101 aurea,
2518 3037 2681 3089 tertia

1613 3129 1767 3166 curru
1810 3114 2106 3178 triumphali
2143 3114 2498 3174 vehebantur3
2543 3111 2681 3164 fere·

1613 3191 1907 3254 banturque
1949 3180 2137 3241 statuae
2191 3191 2445 3254 majorum
2494 3190 2679 3253 ipsius,

1608 3274 1767 3330 atque
1790 3267 2216 3331 propinquorum,
2255 3267 2343 3330 qui
2376 3281 2407 3316 e
2444 3266 2553 3315 vita
2574 3265 2680 3315 dis·

1609 3348 1895 3405 cesserant,
1930 3355 2033 3391 uno
2077 3347 2279 3392 tantum
2321 3342 2533 3408 Caesare.
2586 3356 2676 3395 ex-

1610 3424 1794 3482 cepta:
1832 3423 2116 3481 propterea
2151 3417 2288 3482 quod
2317 3418 2431 3481 jam
2462 3417 2679 3473 essexia

1611 3494 1844 3545 Deorum
1865 3508 2134 3543 numerum
2156 3496 2361 3547 relatus.

1673 3572 1688 3597 ‘
1700 3569 2059 3619 Portabantur
2073 3568 2264 3623 deinde
2283 3576 2470 3623 statuae
2487 3540 2680 3623 civium

1609 3645 1762 3695 Rom.
1798 3647 2046 3707 omnium,
2076 3646 2395 3710 quicumque
2415 3646 2469 3699 in
2490 3645 2679 3708 magis·-
2681 3705 2686 3713 '

1609 3726 1769 3786 trata,
1789 3721 1854 3771 ab
1896 3722 2012 3785 ipso
2052 3721 2269 3773 Romulo
2306 3721 2377 3771 ad
2413 3735 2477 3771 ea
2513 3734 2676 3786 usque

1608 3805 1845 3860 tempora
1889 3795 2120 3849 fuissent.
2185 3796 2289 3847 Sed
2332 3803 2391 3846 et
2437 3796 2676 3860 quaedam

1611 3874 1706 3923 Cn.
1742 3873 1984 3937 Pompeii
2004 3873 2187 3936 Magni
2219 3878 2395 3923 statua
2414 3869 2545 3921 ferri
2567 3871 2679 3921 visa

1608 3955 1707 4001 est.
1773 3947 2012 3998 Aderant
2047 3948 2206 3997 etiam
2248 3960 2423 3996 omnes
2468 3945 2675 4009 provin-

1608 4024 1703 4077 ciae
1753 4031 1808 4073 et
1852 4025 2088 4077 nationes
2126 4023 2304 4089 pictae,
2327 4036 2442 4089 quae
2484 4026 2578 4073 aut
2616 4021 2676 4071 in

1606 4102 1918 4151 societatem
1954 4101 2024 4150 ab
2064 4100 2178 4164 ipso
2199 4105 2453 4162 acceptae,
2474 4102 2565 4149 aut
2585 4095 2678 4149 de·

1605 4174 2031 4233 victae-fuerant?
2084 4175 2220 4227 Vide
2241 4171 2674 4233 Herodianumsin

1601 4254 1818 4309 Severo.
