3100 4925
457 399 513 453 J.
534 399 601 454 c.
616 398 735 461 aa]
1173 386 1586 442 sunnam-M
1637 386 1783 433 mn,
1831 387 1976 434 xit.
2497 371 2672 440 1143

466 528 566 593 Μ.
584 526 799 593 ‘Lollii
826 522 1208 588 Consularis
1236 521 1491 600 filiam,⁰
1513 527 1582 586 et
1607 520 1655 586 J
1655 521 1862 585 uliam
1888 518 2355 605 Agrippinam,
2388 518 2669 587 Germa·

462 631 613 695 nico
647 628 975 710 genitam:
1021 625 1175 688 huic
1222 623 1474 701 PallaS,
1509 624 1609 687 illi
1640 621 1983 700 Callistus,
2027 622 2325 686 fautores
2354 622 2665 700 aderant}

462 731 746 798 at-AElia
776 725 1063 803 Petina‚‘¹
1104 746 1141 790 e
1170 724 1423 791 familia
1461 724 1911 803 Tuberonum,
1943 723 2273 788 Narcisso
2304 722 2671 789 fovebatur.

465 832 625 916 Ipse
649 830 848 894 modo
876 830 1030 905 huc,
1074 826 1277 900 modo
1314 826 1496 903 illuc,
1523 832 1597 890 ut
1625 845 1956 909 quemque
1987 825 2402 889 suadentium
2447 814 2674 890 audie}
2715 869 2722 876 -

459 940 586 1011 rat,
616 935 937 1015 promtus,
969 926 1426 991 discordantes
1455 927 1525 990 in
1549 928 1927 991 consilium³
1953 931 2181 1003 vocat,
2215 944 2296 989 ac
2323 929 2344 957 ‘
2374 944 2670 1011 promere

465 1032 853 1099 sententiam
883 1035 949 1094 et
977 1028 1265 1112 adjicere
1292 1029 1583 1093 rationes
1596 1027 1614 1051 '
1633 1029 1847 1114 jubet.
1883 1047 1886 1054 ·
2645 1092 2650 1097 ,

565 1135 633 1199 2.
678 1130 1048 1197 Narcissus
1106 1134 1127 1162 ‘
1157 1133 1345 1194 vetus
1396 1129 1912 1207 matrimonium,
1968 1128 2314 1193 familiam¹
2374 1146 2665 1193 commu-

465 1272 646 1329 juliam
661 1277 982 1340 Agrippinam
999 1272 1462 1340 Gemanicifiliam.
1529 1275 1673 1325 Hanc
1694 1275 1889 1336 fovebat
1912 1276 2091 1338 Pallas,
2109 1276 2240 1324 illam
2265 1275 2508 1325 Callistus.
2568 1276 2669 1327 Sea
2701 1323 2710 1332 ,

452 1344 652 1406 favebat
677 1344 930 1392 Narcissus
950 1343 1098 1390 AElt'oe
1120 1340 1326 1402 Petinae,
1348 1355 1511 1404 quaee
1529 1347 1673 1402 gente
1695 1341 1985 1389 'habersuam
2002 1348 2115 1389 orta
2134 1347 2278 1389 erat:
2299 1341 2402 1402 ipse
2421 1340 2667 1390 Claudius

442 1409 597 1466 ,modo
618 1409 670 1455 in
692 1408 828 1466 hanc,
844 1407 978 1455 modo
1000 1404 1202 1453 inillam
1218 1419 1413 1468 pronus,
1431 1409 1488 1452 ut
1508 1408 1671 1468 cuique
1684 1405 1968 1453 monentium
1989 1419 2126 1452 eures
2153 1404 2435 1467 proebuerat,
2457 1405 2669 1454 tandem

462 1473 746 1521 dissidentes
765 1471 917 1519 simul
947 1471 1000 1519 in
1030 1470 1276 1517 consilium
1296 1474 1455 1532 rogat,
1478 1485 1534 1518 uc
1552 1469 1777 1532 proferre
1795 1470 2074 1517 sententiam
2087 1483 2322 1532 quemque,
2338 1474 2384 1518 et
2408 1468 2578 1518 addere
2588 1475 2669 1518 rd-

467 1539 620 1586 ἤσκεε
642 1537 861 1597 imperat.

548 1600 802 1651 Narcissus
825 1598 1023 1664 priores
1040 1597 1267 1662 nuptias,
1286 1596 1797 1647 liberos·communes
1828 1598 2061 1664 asserebat
2080 1597 2225 1660 (nam
2244 1596 2457 1647 Antonia
2477 1595 2668 1647 Potina

1389 1743 1417 1761 Ἰ
1424 1742 1626 1763 “500“
1632 1743 1686 1762 ‘O
1691 1743 1714 1762 O
1719 1743 1748 1761 O

468 1849 648 1916 poeta,
679 1850 767 1915 qui
789 1851 928 1914 apud
967 1851 1266 1901 Ciceronem
1289 1850 1568 1899 Tusculan.
1590 1864 1676 1899 111.
1701 1853 1780 1899 19.
1817 1847 1995 1897 laudat
2032 1844 2227 1897 Priami
2261 1848 2483 1908 domum,
2502 1845 2517 1873 ‘
2545 1843 2674 1909 Ope'

461 1914 740 1965 barbarica
759 1916 932 1964 Tectis
956 1916 1175 1977 coelatis,
1197 1914 1471 1978 laqueatis,
1489 1914 1651 1976 Auro,
1670 1913 1825 1962 ebore
1846 1914 2150 1962 instructam
2170 1910 2417 1975 regifice.'
2475 1911 2665 1959 Puteo-

440 1979 613 2040 ¹lanus
636 1979 933 2028 emendavit
954 1995 1077 2043 opes.
1145 1980 1207 2027 In
1241 1979 1472 2028 editione
1508 1978 1743 2042 principe
1764 1978 1932 2039 digna.
1980 1977 2304 2025 Brotier.—-3
2352 1975 2525 2038 Vulgo
2561 1989 2667 2022 eon·

462 2044 641 2104 cilium,
681 2043 820 2107 quod
860 2043 1075 2093 Grotius
1116 2038 1260 2093 rect‘e
1304 2042 1504 2092 monuit
1542 2043 1763 2107 privatae
1811 2040 2176 2102 deliberationi
2215 2054 2319 2090 non
2372 2039 2664 2090 convenire.

466 2107 699 2172 Ryckius.

550 2192 578 2236 1
613 2187 853 2237 Muretus
905 2187 1035 2250 legit
1063 2186 1244 2251 filiurn,
1296 2185 1433 2250 quod
1481 2198 1684 2250 sequor.
1719 2186 1959 2249 'Ryckiua

1443 2301 1660 2353 NOTAE

464 2389 569 2439 doli
634 2404 695 2440 ac
740 2390 940 2440 versuti
985 2390 1140 2439 animi
1174 2390 1392 2440 consilia
1431 2405 1526 2455 per

465 2466 719 2517 Parthum
741 2467 972 2516 indicata
989 2468 1181 2516 Caesari
1201 2467 1336 2517 fama
1354 2470 1526 2532 vulga-

464 2541 562 2604 vit,
586 2544 732 2606 cnjus
755 2558 884 2592 mors
905 2544 1258 2607 intr-opaucos
1293 2544 1401 2593 dies
1424 2543 1527 2593 for-

463 2618 601 2669 tuita
650 2633 713 2666 an
760 2619 1054 2668 voluntaria
1097 2616 1261 2668 fuerit
1315 2618 1528 2682 ignoro!

466 2693 549 2742 Ex
564 2708 626 2743 eo
642 2694 813 2743 Lollio
832 2694 1053 2756 dignitas
1075 2699 1129 2742 et
1149 2709 1275 2757 opes
1297 2693 1524 2745 familiae.

467 2799 470 2802 ·
552 2770 638 2818 De
681 2769 780 2817 hac
825 2769 991 2819 Lollia
1030 2769 1105 2819 sic
1146 2770 1286 2818 Plin.
1323 2783 1405 2819 rx.
1442 2774 1523 2818 35.

464 2842 482 2872 ‘
509 2844 731 2893 Lolliam
774 2845 1061 2908 Paulinam,
1114 2861 1229 2909 quse
1272 2845 1372 2895 fuit
1415 2845 1528 2895 Caii

462 2919 712 2984 principis
724 2926 980 2982 matrona,
997 2934 1063 2969 ne
1085 2920 1219 2970 serio
1236 2921 1440 2985 quidem
1462 2935 1524 2969 ac

465 2995 664 3044 solenni
714 2996 1120 3052 caerimoniarum
1153 2995 1327 3059 aliquo
1368 3009 1526 3059 appa-

464 3077 600 3134 ratu,
632 3070 725 3120 sed
760 3071 1092 3120 mediocrium
1129 3072 1284 3121 etiam
1319 3086 1527 3135 sponsa-

466 3146 591 3195 lium
627 3161 789 3209 coena,
833 3146 937 3196 vidi
972 3147 1250 3210 smaragdis
1283 3147 1527 3209 margari-

466 3223 636 3287 tisque
661 3229 915 3286 opertam,
936 3222 1134 3271 alterno
1155 3228 1304 3272 textu
1325 3221 1527 3286 fulgen-

465 3299 604 3349 tibus
626 3304 738 3348 toto
762 3299 937 3361 capite
963 3298 1205 3362 crinibus,
1239 3300 1417 3363 spinis,
1438 3314 1525 3348 au-

464 3374 628 3431 ribuS‚
651 3373 801 3435 collo,
822 3373 1057 3421 manibus
1074 3373 1383 3437 digitisque:
1408 3389 1524 3438 quae

467 3464 665 3499 summa
705 3450 1125 3513 quadringenties
1162 3449 1269 3498 HS.
1319 3450 1526 3513 collige-

464 3526 585 3576 bat:
621 3527 734 3589 ipsa
755 3524 1032 3575 confestim
1055 3531 1239 3588 parata
1260 3539 1525 3588 nuncupa·

463 3601 659 3661 tionem
705 3600 892 3650 talibus
936 3601 1171 3664 probare.
1242 3601 1357 3649 Nec
1391 3599 1527 3649 dona

442 3674 666 3740 ,prodigi
704 3677 953 3740 principis
987 3673 1212 3737 fuerant,
1245 3675 1337 3724 sed
1371 3676 1525 3724 avitae

463 3767 645 3824 opes„
672 3752 1046 3816 provinciarum
1091 3751 1291 3800 scilicet
1350 3751 1526 3814 spoliis

465 3828 649 3893 partae.
715 3828 818 3877 Hic
852 3828 1147 3891 rapinarum
1180 3829 1402 3885 exitusz,
1427 3827 1524 3877 hoe

460 3903 568 3957 fuit
600 3918 758 3968 quare
793 3905 870 3955 Μ.
911 3904 1103 3955 Lollius
1134 3903 1409 3954 infamatus
1446 3919 1525 3953 re-

467 3996 589 4044 gum
628 3981 923 4029 muneribus
954 3980 1007 4028 in
1048 3987 1159 4029 toto
1195 3981 1436 4041 Oriente,
1452 3981 1526 4029 in-

469 4055 692 4104 terdicta
715 4054 946 4115 amicitia
978 4070 1010 4104 a
1043 4054 1398 4125 eai010oesare
1421 4055 1527 4104 Au-

465 4131 604 4195 gusti
619 4131 727 4180 filio
749 4145 1002 4181 venenum
1023 4130 1248 4193 biberet,
1265 4137 1327 4180 ut
1354 4131 1527 4195 neptis

468 4206 580 4275 ejus
605 4205 1029 4271 quadringenties
1049 4205 1159 4276 Hs,
1178 4212 1362 4272 operta
1382 4217 1526 4274 spec-

1608 2395 1812 2439 taretur
1834 2387 1900 2437 ad
1923 2384 2198 2437 lucernas.'
2237 2385 2371 2437 Sunt
2388 2389 2664 2451 1,ooo,000.

1607 2465 1855 2515 coronati.

1674 2542 1759 2589 De
1781 2554 1886 2603 qua
1917 2538 1992 2588 sic
2021 2538 2179 2587 etiam
2214 2535 2354 2587 Suet.
2375 2535 2559 2588 ClandL
2580 2540 2665 2586 25.

1608 2617 1625 2645 ‘
1648 2618 1861 2666 Lolliam
1895 2615 2161 2665 Paulinam
2196 2615 2257 2665 C.
2280 2615 2527 2664 Memmio
2548 2628 2667 2664 con·

1610 2694 1765 2743 sulari
1784 2693 2049 2742 exercitus
2065 2692 2264 2754 regenti
2284 2689 2667 2754 nuptam,facta

1606 2769 1866 2818 mentione
1884 2767 2014 2816 aviae
2035 2767 2159 2830 ejus,
2192 2771 2252 2816 ut
2273 2766 2528 2830 quondam
2550 2766 2667 2830 pul·

1605 2843 1889 2904 cherrimae,
1911 2842 2082 2892 subito
2102 2856 2168 2891 ex
2189 2841 2460 2904 provincia
2480 2853 2664 2891 evoca-

1605 2922 1696 2985 vit,
1716 2935 1777 2969 ac
1799 2919 2102 2983 perductam
2126 2933 2158 2967 a
2172 2918 2377 2981 marito,
2394 2916 2667 2981 conjunxit

1606 2997 1723 3060 sibi,
1734 2997 1981 3060 brevique
1995 2996 2200 3045 missam
2215 2993 2360 3056 feeit,
2382 2991 2670 3043 interdicto

1608 3078 1910 3141 cujusquam
1933 3077 1983 3124 in
2008 3082 2315 3140 perpetuum
2339 3071 2511 3122 coitu!

1672 3158 1695 3184 ⁰
1726 3153 1804 3200 M.
1842 3151 1988 3202 Lollii
2028 3150 2279 3201 camuris
2299 3145 2487 3214 filiam]
2540 3144 2662 3197 Non

1607 3227 1763 3292 prisci
1794 3226 1929 3276 iuius
1962 3225 2132 3287 Lollii,
2165 3225 2252 3290 qui
2283 3224 2578 3284 moderator
2597 3222 2663 3277 C.

1606 3303 1799 3354 Caesari
1820 3302 1989 3364 datus,
2007 3315 2075 3349 ne
2105 3314 2263 3362 erres,
2285 3299 2377 3348 sed
2408 3297 2500 3347 filii
2530 3297 2664 3362 ejus,

1606 3379 1694 3444 qui
1715 3384 1889 3427 tamen
1908 3376 2111 3441 quando
2127 3376 2303 3425 consul
2323 3373 2499 3436 fuerit,
2518 3373 2665 3436 igno-

1608 3468 1684 3504 ro.
1749 3455 2012 3516 Tempora
2034 3451 2271 3511 suadent,
2293 3457 2349 3504 et
2379 3447 2662 3498 clarissime

1607 3528 1812 3578 Plinius
1833 3540 1912 3577 11.
1926 3530 2008 3577 35.
2031 3527 2116 3590 qui
2137 3527 2269 3574 hanc
2288 3524 2508 3573 Lolliam
2527 3523 2663 3573 Pau-

1605 3605 1761 3653 linam
1786 3611 1997 3668 neptem
2013 3602 2147 3651 illius
2168 3600 2360 3650 veteris
2394 3599 2547 3650 Lollii
2576 3614 2665 3664 ap-

1606 3680 1786 3745 pellat.
1851 3678 2064 3741 Lipsius.

1669 3754 1693 3788 ‘¹
1713 3755 1848 3805 AElia
1870 3753 2067 3816 Petina]
2090 3754 2176 3802 De
2198 3766 2301 3818 qua
2315 3751 2459 3801 Suet.
2475 3751 2662 3803 Claud.

1605 3836 1688 3881 26.
1712 3831 1727 3859 ‘
1749 3830 1952 3880 Uxores
1997 3829 2183 3878 deinde
2215 3826 2364 3876 duxit
2400 3826 2666 3877 Plautiam

1605 3907 1980 3970 Urgulanillam
2020 3903 2336 3967 triumphali,
2355 3909 2410 3953 et
2437 3917 2559 3953 mox
2580 3903 2665 3953 ΙΕ-

1607 3984 1728 4032 liam
1751 3983 1992 4030 Petinam
2027 3981 2284 4030 consulari
2306 3986 2476 4044 patre.
2524 3976 2665 4031 Cum

1608 4065 1827 4123 utraque
1845 4057 2121 4107 divortium
2138 4054 2269 4127 feeit
2284 4071 2298 4105 z
2316 4054 2409 4105 sed
2422 4068 2539 4107 cum
2560 4055 2663 4105 Pe-

1607 4136 1721 4185 tina
1751 4149 1818 4184 ex
1849 4134 2049 4184 levibus
2071 4130 2309 4182 offensis:
2343 4145 2462 4182 cum
2498 4131 2666 4194 Urgu-

1606 4211 1798 4276 lanilla,
1821 4211 1888 4263 ob
1908 4208 2177 4262 libidinum
2194 4206 2389 4276 probra
2421 4213 2479 4259 et
2505 4206 2669 4256 homi«
