3100 4925
524 384 700 454 1422

1237 408 1311 458 0.
1358 407 1723 461 conum-,11
1767 413 2025 467 ‘fnum

2411 409 2507 495 [A.
2526 408 2595 483 u.
2616 394 2744 490 sos.

525 528 660 628 quo
692 540 1114 630 componeret
1162 531 1517 630 diversos-,v
1540 556 1641 620 sic
1681 547 1974 642 evulgari
1997 561 2204 645 jussit
2223 574 2282 630 2w
2347 571 2368 603 ‘
2392 568 2500 632 Ob
2528 586 2662 648 res,
2694 589 2740 633 a

469 645 472 654 '
519 644 883 725 ‚Quadrato
927 656 993 714 et
1042 649 1411 716 Corbulone
1463 649 1776 739 prospere
1831 668 2103 742 gestas,-
2134 665 2390 732 laurum
2435 669 2781 735 fascibus*

523 744 1007 832 Imperatoriis't
1034 749 1190 816 addi
1200 751 1236 818 .’

519 847 756 930 junxi.

514 1014 717 1091 vitiaret,
736 1031 807 1079 sic
826 1032 1062 1094 publicari
1084 1050 1166 1085 res
1190 1043 1363 1099 gestas
1397 1038 1529 1088 ’ussit
1545 1058 1562 1089 .·
1617 1042 1705 1093 Ob
1742 1058 1825 1093 res
1845 1044 2074 1098 feliciter

1328 754 1527 834 Quae,
1556 759 1627 821 in
1655 761 1841 825 alios'
1873 761 2200 831 Consules
2242 789 2530 852 egressa,
2554 785 2739 840 ›conss-

2636 893 2716 927 ’.Α

2181 1051 2498 1102 ministratas
2531 1068 2563 1102 a
2596 1054 2738 1106 Qun-

519 1091 671 1141 drato
694 1099 749 1142 et
771 1096 1089 1159 Corbulone,
1125 1102 1353 1160 lauream
1401 1105 1600 1154 ascibus
1636 1107 1888 1171 principis
1931 1127 2137 1176 apponi.
2205 1117 2324 1171 Quoe
2356 1117 2587 1167 licetub
2617 1117 2736 1168 eliis

517 1158 776 1232 consulibus
789 1161 1004 1221 confecta
1030 1163 1151 1227 sint,
1185 1173 1357 1216 tamen
1377 1168 1517 1217 simul
1536 1169 1622 1218 bic
1642 1174 1911 1223 memoravi.

1522 1327 1738 1378 NOTAE

582 1452 606 1476 v
642 1445 747 1501 Quo
768 1455 1057 1510 componeret
1078 1450 1309 1515 diversos]
1367 1454 1451 1505 Sic
1475 1454 1588 1504 fere

519 1517 825 1570 Alexander
842 1524 979 1586 apud
998 1526 1145 1576 Curt.
1163 1527 1253 1576 lib.
1278 1543 1376 1578 vn.
1396 1530 1589 1580 dissen-

523 1595 715 1645 tientes
769 1596 960 1647 milites
1018 1602 1288 1652 conciliat:
1345 1605 1362 1632 ⁴
1385 1604 1585 1655 Castris

523 1670 647 1719 inde
685 1672 857 1733 motis,
878 1672 1071 1724 lectica
1107 1675 1393 1742 ferebatur,
1432 1697 1586 1746 quam

520 1759 617 1808 pro
642 1759 695 1795 se
715 1747 934 1811 quisque
956 1765 1114 1814 eques
1136 1753 1401 1820 pedesque
1416 1758 1588 1808 subire

521 1821 810 1870 certabant.
876 1825 1092 1889 Equites
1128 1843 1245 1877 cum
1277 1831 1457 1895 quibus
1494 1847 1587 1882 rex

516 1897 698 1959 praelia
739 1899 871 1947 inire
905 1902 1084 1951 solitus
1123 1912 1262 1966 erat,
1302 1907 1377 1955 sui
1414 1923 1589 1957 mune-

516 1972 588 2021 ris
612 1973 667 2021 id
705 1988 816 2023 esse
853 1977 1157 2027 censebant.
1224 1981 1442 2031 Pedites
1466 1998 1588 2032 con-

514 2053 614 2111 tra,
664 2063 780 2097 cnm
818 2052 1025 2101 nuntios
1074 2056 1445 2107 commilitones
1484 2059 1587 2123 ipsi

522 2129 727 2186 gestare
774 2129 1135 2193 assuevissent,
1168 2132 1302 2195 eripi
1341 2134 1437 2183 sibi
1468 2150 1587 2197 pro-

523 2199 692 2262 prium
714 2199 958 2266 officium,
973 2210 1083 2252 tum
1106 2206 1447 2271 potissimum,
1468 2224 1585 2261 cum

516 2288 611 2323 rex
654 2278 932 2337 gestandus
999 2288 1157 2345 esset,
1215 2284 1584 2347 querebantur.

517 2347 637 2399 Rex
662 2350 716 2399 in
743 2357 890 2402 tanto
928 2356 1199 2421 utriusque
1222 2360 1389 2423 partis
1413 2368 1584 2411 certa-

515 2426 675 2489 mine,
696 2434 754 2479 et·
776 2429 872 2478 sibi
912 2430 1193 2496 difficilem,
1227 2439 1281 2485 et
1304 2437 1582 2498 praeteritis

514 2517 725 2565 gravem
790 2507 1099 2557 electionem
1142 2509 1369 2561 futuram
1414 2521 1580 2577 ratus,

514 2577 736 2627 invicem
754 2579 929 2631 subire
953 2597 1041 2632 eos
1058 2585 1258 2648 jussit!

577 2658 611 2683 ⁸¹
644 2652 728 2702 Sic
749 2657 1141 2721 evulgarijussit]
1187 2661 1358 2723 Puto,
1384 2663 1579 2713 diurnis

514 2727 645 2777 actis
674 2728 750 2779 sic
788 2732 1103 2793 publicatum
1135 2735 1188 2783 in
1227 2739 1442 2800 vulgus:
1492 2741 1577 2788 vel

511 2801 691 2853 edicto
735 2805 896 2868 ipsius
958 2809 1225 2873 principis,
1266 2813 1348 2860 vel
1405 2813 1577 2864 edicto

510 2879 794 2942 censuim,
817 2881 1026 2931 Nerone
1051 2885 1124 2934 sic
1133 2885 1370 2949 jubente.

579 2961 604 2986 ¹
642 2956 867 3005 Fascibus
909 2958 1250 3024 imperatoriis]
1304 2964 1389 3011 De
1431 2963 1580 3014 fasci-

511 3027 607 3076 bus
673 3029 1040 3092 imperatorum
1095 3035 1202 3082 sive
1269 3037 1580 3101 principum,

509 3102 633 3167 (nec
656 3105 792 3152 enim
808 3107 931 3154 alios
953 3109 1034 3157 hic
1050 3109 1354 3177 intelliges,)
1377 3115 1577 3166 docebo

500 3180 758 3241 juvenes:
784 3180 891 3229 fors
917 3181 1035 3243 fuit,
1059 3192 1113 3232 et
1137 3188 1384 3248 quosdam
1404 3202 1572 3239 senes.

505 3253 652 3304 Olim
678 3269 780 3305 non
803 3257 898 3305 nisi
924 3260 1251 3322 magistratus
1276 3265 1450 3332 populi
1471 3266 1572 3315 Ro·

510 3329 668 3390 mani,
689 3337 779 3380 aut
802 3333 891 3396 qui
913 3349 1028 3386 cum
1053 3337 1268 3400 imperio
1289 3339 1343 3388 in
1367 3339 1585 3403 provin-⁸

508 3405 603 3456 ciis
624 3413 794 3469 erant,
818 3407 1046 3462 fascibus
1070 3413 1169 3461 usi.

570 3484 710 3536 Quid
733 3500 858 3549 ergo
882 3489 1125 3551 princeps
1148 3488 1198 3537 in
1224 3490 1371 3554 urbe,
1391 3492 1434 3539 si
1455 3492 1567 3540 nul-

501 3558 609 3608 lum
629 3567 837 3623 gereret
851 3563 1165 3613 ordinarium
1180 3567 1563 3629 magistratum?

437 3624 440 3627 ¹
504 3633 682 3689 Nihilo
726 3650 875 3685 secus
918 3635 1085 3687 fasces
1143 3639 1413 3690 duodecim
1455 3642 1562 3691 illi.

502 3704 666 3771 Origo
692 3709 768 3757 rei
791 3709 858 3759 ab
892 3709 1157 3775 Augusto;
1210 3715 1357 3777 cujus
1380 3715 1562 3764 honori

489 3778 709 3832 *senatus
733 3784 984 3848 decrevit,
1003 3802 1135 3836 anno
1156 3789 1311 3838 Urbis
1332 3793 1463 3854 ⁷35„
1478 3792 1558 3840 uti

499 3859 756 3907 consulari
779 3866 1040 3921 potestate
1060 3878 1265 3926 semper
1287 3873 1442 3930 esset,
1459 3865 1560 3916 fas-

502 3929 758 3996 cibusque
781 3934 1053 3985 duodecim
1078 3945 1331 3989 uteretur.

1670 1442 1756 1491 dio
1795 1443 2077 1509 consulum,
2110 1445 2442 1511 imperatoria
2462 1450 2589 1500 sella
2611 1467 2733 1504 cou-

1669 1518 1901 1568 sideret.'

1731 1596 1965 1660 Eumque
1999 1612 2192 1648 morem
2227 1605 2507 1650 tenuerunt
2540 1603 2734 1670 princi-

1667 1684 1759 1734 pes
1781 1673 1946 1720 secuti
1966 1689 1980 1733 ;
2028 1674 2103 1723 ita
2125 1682 2186 1723 ut
2205 1676 2404 1725 laurum
2428 1682 2600 1727 tamen
2624 1677 2730 1740 fasg-

1667 1746 1813 1795 cibus
1835 1755 1939 1797 non
1977 1750 2248 1812 adderent,
2269 1752 2366 1800 nisi
2388 1753 2440 1801 in
2473 1745 2732 1815 victoria,

1669 1823 1746 1871 uti
1764 1824 1848 1872 hic
1868 1823 2082 1875 factum.
2150 1825 2224 1876 At
2245 1827 2415 1875 statim
2440 1843 2531 1891 per
2554 1828 2736 1878 adula-

1668 1901 1860 1950 tionem
1884 1903 2093 1965 irrupit,
2109 1909 2169 1952 ut
2186 1905 2411 1953 omnium
2432 1904 2732 1970 principum

1667 1976 1854 2038 fasces,
1901 1985 1957 2028 et
1999 1992 2203 2043 semper
2257 1981 2478 2028 laureati
2521 1989 2728 2031 essent:

1668 2068 1833 2117 eaque
1871 2060 1996 2103 nota
2029 2055 2246 2104 maxime
2272 2055 2548 2126 distinctus
2571 2072 2603 2107 a
2622 2058 2733 2107 vul·

1668 2144 1733 2192 go
1758 2131 2019 2194 princeps.

1730 2206 2059 2256 Herodianus
2096 2207 2163 2255 de
2203 2207 2468 2259 Gordiano
2502 2210 2591 2259 lib.
2623 2221 2726 2260 vn.

1662 2280 2011 2331 ‘Deducebat
2045 2297 2161 2333 eum
2193 2283 2354 2332 omnis
2392 2284 2729 2349 imperatoria

1663 2370 1872 2420 pompa,
1936 2360 2314 2424 praeeuntibus⁷
2345 2355 2613 2423 militibus,
2667 2368 2727 2412 et

1662 2433 1986 2495 praetorianis
2053 2435 2379 2499 cohortibus;
2450 2436 2724 2503 fascesque

1660 2508 1806 2558 lauro
1829 2513 2066 2560 exornati
2086 2518 2264 2575 erant;
2296 2513 2394 2563 hoc
2412 2528 2599 2578 nempe
2623 2515 2727 2578 sig-

1659 2596 1778 2630 num
1804 2591 1901 2647 est,
1928 2574 2037 2649 'quo
2067 2585 2235 2635 fasces
2272 2586 2588 2653 imperatorii
2617 2589 2725 2638 dis·

1659 2667 1944 2709 cernuntur
1966 2676 1996 2709 a
2017 2659 2242 2710 fascibus
2265 2658 2626 2724 privatorum?
2696 2704 2699 2705 γ

1723 2735 2046 2796 Capitolinus
2069 2737 2122 2784 in
2163 2737 2496 2787 Maximinis:
2550 2739 2720 2790 ‘Inde

1659 2808 2020 2873 Carthaginem
2064 2813 2209 2861 venit
2253 2828 2368 2862 cum
2415 2829 2606 2878 pompa
2645 2832 2726 2868 re-

1598 2913 1601 2916 <
1657 2885 1777 2947 gali,
1797 2891 1854 2934 et
1876 2888 2252 2948 protectoribus
2284 2894 2339 2937 et
2360 2888 2585 2940 fascibus
2610 2891 2720 2941 lau-

1659 2959 1854 3008 reatis!
1917 2961 2136 3012 Quando
2169 2962 2218 3011 id
2245 2966 2480 3028 coeperit,
2500 2965 2717 3030 ignoro:

1656 3035 1904 3096 paulatim
1940 3037 2149 3100 quidem
2186 3053 2288 3087 non
2312 3040 2474 3089 solum
2495 3042 2718 3104 laureati

1658 3108 1864 3159 admissi
1892 3109 2078 3175 fasces,
2108 3114 2200 3162 sed
2236 3119 2292 3163 et
2325 3116 2509 3165 aurati.
2565 3116 2717 3167 Clan-

1654 3182 1835 3232 dianus
1875 3185 2200 3255 Panegyrico
2236 3190 2288 3237 in
2310 3198 2461 3239 sexto
2485 3194 2721 3242 consula-

1652 3261 1999 3310 tum-Honorii
2020 3280 2032 3310 :
2083 3265 2100 3290 ‘
2126 3274 2412 3326 agnoscunt
2437 3272 2606 3315 rostra
2626 3283 2716 3317 cu·

1651 3336 1787 3384 rules
1812 3335 2032 3386 Auditas
2055 3339 2310 3402 quondam
2337 3341 2574 3403 proavis:
2620 3341 2713 3391 de-

1650 3415 1899 3474 suetaque
1939 3412 2101 3474 cingit
2143 3414 2336 3478 Regius
2372 3417 2565 3466 auratis
2596 3412 2713 3467 fora

1647 3480 1878 3533 fascibus
1899 3486 2059 3549 Ulpia
2080 3488 2267 3538 lictor.'
2321 3489 2532 3552 Lipsius.

1648 3592 1653 3598 -
1711 3561 1939 3611 Fascibus
1959 3563 2301 3627 imperatoriis]
2341 3567 2546 3631 Nempe
2556 3566 2727 3627 fasci-'

1643 3634 1726 3683 bus
1765 3637 2022 3699 lictorum,
2059 3640 2144 3704 qui
2181 3640 2546 3705 imperatorem
2578 3659 2712 3708 prae·

1640 3709 1802 3760 ibant.
1856 3713 2014 3763 Forte
2031 3715 2308 3778 etsascibus
2324 3718 2593 3784 utriusque
2618 3720 2711 3770 im·

1640 3788 1897 3849 perator-is
1922 3789 2229 3841 Corbulonis
2252 3800 2308 3842 et
2331 3794 2587 3846 Quadrati
2604 3795 2708 3845 lan-

1639 3865 1975 3927 rusapposita
1992 3867 2058 3914 ob
2075 3866 2366 3931 victoriam,
2384 3883 2475 3918 seu
2496 3869 2707 3925 felicem
2777 3917 2785 3925 .

1641 3946 1899 3989 eventum.
1982 3942 2084 3991 Sed
2128 3957 2228 3991 non
2272 3944 2339 3994 de
2378 3945 2456 3993 his
2489 3947 2708 4010 praecise

562 4006 669 4055 Dio
686 4006 774 4056 lib.
797 4021 906 4059 mv.
956 4011 972 4037 ‘
993 4008 1255 4074 Augustus
1296 4029 1421 4065 vero
1441 4032 1560 4067 con·
1636 4014 1724 4063 hic
1747 4016 1829 4079 agi
1853 4023 2050 4079 putem,
2072 4019 2164 4066 sed
2204 4019 2271 4068 de
2298 4019 2519 4080 fascibus
2538 4022 2727 4085 ipsius,

483 4080 732 4133 subrem-
759 4090 1074 4147 potestatem
1111 4090 1315 4153 accepit
1350 4090 1403 4138 in
1442 4107 1560 4156 per-

495 4163 747 4222 petuum3
799 4160 874 4209 ita
913 4169 974 4211 ut
1014 4160 1288 4213 duodecim
1332 4164 1558 4217 fascibus

493 4238 700 4299 semper
716 4242 774 4306 et
807 4236 1000 4304 ubique
1025 4244 1280 4305 uteretur,
1304 4242 1431 4292 etin
1451 4255 1555 4292 me-

1640 4089 1910 4155 principis,
1929 4093 2018 4155 qui
2038 4092 2311 4144 victoriam
2329 4096 2434 4146 suis
2457 4098 2703 4162 auspiciis

1638 4174 1840 4228 partam
1860 4166 1957 4216 sibi
1980 4169 2065 4217 uni
2086 4170 2398 4222 vindicabat.
2700 4210 2724 4218 .-

1699 4242 1787 4293 Sic
1824 4258 1941 4294 cum
1985 4245 2263 4311 Pompeius
2303 4248 2422 4298 olim
2469 4245 2704 4301 occurrit
