3100 4925
441 416 500 470 J.-
525 418 584 471 c.
606 417 726 483 ss]

1146 412 1561 468 ANNALIUM
1611 415 1758 464 Lm.
1808 416 1952 466 XI}-

2477 397 2651 468 1363

1442 628 1662 680 NOTAE

446 770 667 820 totidem
691 771 844 831 servi,
866 769 1094 820 familia:
1132 771 1349 822 totidem
1372 773 1511 822 vinc-

448 840 882 908 ujergastulum!

467 923 484 934 '
514 912 729 973 Romani
754 925 892 984 olim,
914 924 1132 975 subacta
1167 925 1342 987 Italia,
1362 939 1513 988 cepe·

449 1005 569 1049 rant
588 1000 710 1062 jure
732 1000 991 1060 belli,non
1016 1015 1194 1063 parum
1213 1000 1514 1063 suburbani,

450 1080 508 1123 et
527 1075 971 1137 ctiam-longinqui
996 1077 1123 1137 agri,
1147 1090 1297 1139 quem
1320 1076 1512 1137 partim·

450 1149 546 1198 sub
579 1149 730 1198 hasta
768 1150 1067 1212 vendidere,
1117 1150 1303 1212 partim
1347 1150 1511 1199 tenui·

450 1223 628 1272 oribus
684 1223 886 1273 civibus
941 1226 1185 1273 utendum
1239 1223 1510 1274 fruendum

449 1298 706 1360 locavere,
764 1302 954 1361 exiguo
1008 1301 1205 1349 tributo
1251 1300 1511 1364 imposito.

448 1374 552 1424 Sed
576 1390 638 1423 ea
667 1389 749 1423 res
783 1390 885 1422 non
919 1376 1117 1438 placuit
1154 1376 1419 1441 divitibus,
1456 1383 1512 1426 et

450 1451 696 1514 paulatim
723 1452 916 1499 viciuos
939 1466 1091 1514 agros
1110 1452 1207 1501 sibi
1231 1454 1510 1514 vindicare,

450 1531 714 1588 &egenos
728 1527 846 1575 hinc
870 1529 1064 1589 pellere
1088 1535 1384 1590 coeperunt:
1422 1529 1510 1578 do·

451 1606 552 1652 nec'
573 1615 659 1649 eos
695 1603 778 1650 lex
819 1604 1035 1651 Stolonis
1068 1604 1330 1667 paulisper
1368 1604 1512 1653 coer:

450 1677 578 1740 cuit,
595 1676 811 1725 definito
833 1678 989 1725 modo
1028 1678 1325 1740 possidendi
1349 1693 1510 1743 usque

452 1752 518 1801 ad
537 1753 828 1817 ‘quingenta'
841 1753 1047 1816 jugera,
1068 1768 1166 1802 non
1191 1755 1425 1817 amplius.

516 1828 617 1876 Sed
634 1841 752 1876 mox
772 1828 1028 1890 cupiditas
1048 1827 1316 1878 effraenata
1323 1831 1510 1893 jugum

451 1903 701 1965 excussit,
747 1909 802 1951 et
848 1917 999 1965 agros
1024 1919 1199 1954 omnes
1236 1907 1398 1955 traxit
1443 1905 1510 1954 ad

452 1992 647 2043 paucos
694 1978 862 2026 dites:
915 1980 1031 2028 hinc
1081 1980 1358 2030 latifundia
1423 1981 1513 2030 illa

452 2052 662 2115 Italica,
679 2058 733 2101 et
756 2053 928 2116 ejecta
944 2054 1161 2116 ingenua
1184 2056 1333 2118 plebs
1358 2072 1387 2106 a
1406 2057 1515 2106 cul-

453 2139 575 2179 tura
597 2143 832 2192 agrorum
854 2145 868 2188 ;
892 2137 947 2178 et
963 2131 1084 2179 hine
1104 2137 1226 2179 nata
1243 2134 1515 2193 ergastula.

453 2207 657 2257 Plutar.
681 2208 732 2254 in
766 2206 955 2257 Gracc.
997 2207 1265 2271 Appianus
1295 2223 1334 2259 1.
1376 2210 1513 2257 civil.

454 2284 573 2335 Qua
607 2283 677 2332 de
714 2297 773 2331 re
808 2283 881 2330 sic
910 2284 1145 2345 queritur
1191 2284 1512 2331 Columella:

453 2361 471 2388 ‘
498 2374 608 2409 rem
631 2359 871 2407 rusticam
892 2359 1110 2419 pessimo
1133 2359 1321 2420 cuique
1345 2373 1514 2406 servo-

454 2447 588 2500 rum,
625 2436 772 2486 velut
792 2435 1041 2499 carnifici,
1073 2441 1221 2485 uoxae
1247 2434 1509 2485 dedimus:

457 2527 611 2577 quam
644 2512 898 2576 majorum
941 2518 1233 2560 nostrorum
1288 2511 1513 2574 optimus

456 2587 673 2651 quisque
706 2586 904 2649 optime
926 2586 1215 2636 tractavit!

521 2663 794 2725 Ergastula
831 2662 1098 2725 praecipuc
1123 2661 1383 2710 destinata
1413 2662 1517 2711 cul·

457 2743 587 2791 turae
605 2751 842 2801 agrorum
864 2754 878 2798 ;
904 2738 1027 2787 licet
1042 2738 1345 2801 quandoque
1357 2738 1514 2786 etiam

457 2813 608 2866 vincti
651 2813 724 2862 illi
746 2814 810 2861 ad
856 2814 1173 2874 molendum,
1214 2813 1281 2862 ad
1319 2813 1515 2862 silicem

458 2888 779 2950 caedendum,
823 2903 1005 2952 aquam
1059 2888 1412 2952 hauriendam,
1464 2895 1521 2937 et

457 2978 620 3028 opera
675 2965 859 3015 similia
894 2964 1269 3014 incumberent.
1332 2965 1520 3027 Ergas-

461 3039 768 3090 tulum·f11it
813 3040 865 3087 in
910 3040 1039 3087 villis
1077 3040 1221 3088 locus
1266 3039 1523 3088 subterra·-

458 3130 603 3180 πεπυ,
642 3117 866 3178 sedibus,
899 3130 962 3164 ac
985 3116 1147 3176 cellis,
1193 3121 1248 3164 et
1292 3116 1523 3178 angustis

460 3193 704 3243 fenestris
756 3188 1051 3254 distinctus,
1106 3190 1381 3255 factusque
1454 3192 1521 3240 ad

462 3271 687 3320 carceris
718 3268 954 3318 formam.
989 3269 1164 3318 Livius
1187 3269 1253 3317 de
1275 3270 1333 3316 Τ.
1375 3269 1525 3317 Man*

461 3345 519 3397 lii
564 3344 701 3396 filio:
739 3347 755 3374 ⁶
782 3347 946 3398 Quem
970 3351 1122 3408 pater
1158 3345 1211 3393 in
1249 3359 1378 3407 opus
1420 3358 1522 3393 ser-

462 3420 582 3485 vile,
604 3434 771 3495 prope
792 3420 842 3468 in
866 3435 1150 3484 carcerem,
1174 3425 1330 3484 atque
1369 3420 1419 3469 iu
1443 3434 1521 3468 er-

467 3497 725 3559 gastulum
749 3494 990 3544 dederit!

472 3599 482 3610 ·
531 3571 815 3620 Columella
851 3572 952 3619 1.·1.
982 3575 1034 3619 4.
1087 3569 1319 3619 ‘Solutis
1360 3570 1523 3619 servis

466 3646 611 3707 cellae
641 3646 904 3694 meridiem
944 3645 1355 3708 aequinoctialem
1379 3658 1523 3708 spec-

468 3726 638 3770 tantes
659 3719 819 3773 fient:
853 3721 1042 3769 vinctis
1065 3735 1216 3784 quam
1255 3721 1524 3772 saluberri-

465 3808 606 3847 mum
646 3796 977 3858 ergastulum,
1017 3795 1248 3858 plurimis
1277 3802 1433 3858 atque
1460 3795 1522 3848 iis

467 3871 697 3933 angustis
719 3871 1030 3923 illustratum
1051 3870 1306 3934 fenestris,
1317 3879 1473 3934 atque
1493 3883 1525 3919 a

467 3952 611 3995 terra
653 3946 728 3995 sic
771 3947 944 4009 editis,
986 3962 1052 3996 ne
1100 3960 1254 3995 manu
1295 3945 1525 4008 contingi

466 4022 699 4086 possint)
733 4024 802 4072 Et
824 4037 874 4071 c.
907 4027 955 4072 8.
979 4024 1004 4055 ·⁴
1026 4023 1125 4072 Illa
1145 4021 1374 4074 solennia
1389 4027 1526 4084 sunt,

467 4103 530 4146 ut
545 4096 736 4146 domiui
758 4098 1022 4160 ergastuli,
1051 4095 1310 4160 mancipia
1347 4109 1524 4159 recog-

468 4179 699 4235 noscant,
717 4180 780 4222 ut
796 4175 1090 4236 explorent,
1107 4186 1231 4221 num
1245 4170 1527 4234 [diligenter

469 4253 645 4305 vincta
668 4251 882 4316 ‚elenau
919 4251 1068 4301 sedes
1103 4250 1232 4313 ipsae
1273 4249 1525 4301 custodiae

1592 771 1715 822 satis
1739 776 1869 827 tutae
1892 770 2210 836 munita-que
2233 770 2371 821 sint?

1658 848 1779 897 Nou
1816 853 1990 896 tamen
2030 862 2206 902 omnes
2239 848 2373 896 servi
2411 848 2651 908 villarum

1574 922 1643 990 ¹in
1663 923 2010 984 compedibus,
2034 931 2123 971 aut
2146 924 2199 971 in
2228 937 2437 972 carcere
2460 924 2568 983 illo,
2590 930 2653 973 ut

1592 1004 1741 1061 patet
1782 1013 1848 1046 ex
1868 999 1968 1047 hoc
2011 999 2312 1048 Columellas
2347 1000 2483 1061 loco,
2506 1006 2565 1049 et
2585 1013 2653 1049 ex

1589 1075 1686 1124 hoc
1707 1074 1882 1123 Taciti
1894 1075 2008 1123 loco
2033 1074 2184 1125 forte.
2226 1076 2398 1123 Etiam
2422 1090 2488 1123 ex
2510 1075 2653 1125 Pline

1591 1153 1741 1215 epist.
1775 1166 1862 1202 111.
1894 1157 1942 1202 9.
1993 1150 2451 1217 quandoque'nulli
2507 1154 2644 1204 servi

1590 1229 1751 1278 vincti
1777 1246 1790 1277 :
1824 1230 1840 1256 ‘
1861 1230 1977 1278 N'ec
1998 1230 2146 1292 ipse,'
2183 1226 2367 1293 inquit,
2396 1231 2412 1257 ‘
2438 1244 2651 1294 usquam

1591 1304 1791 1353 vinctos
1814 1304 1998 1366 habeo,
2021 1318 2115 1353 nec
2137 1305 2210 1353 ibi
2235 1305 2542 1369 quisquam!

1655 1380 1757 1428 Sed
1783 1379 1872 1428 ubi
1895 1381 2157 1442 ergastula
2173 1387 2342 1442 erant,
2360 1382 2411 1429 in
2434 1382 2546 1429 haec
2565 1380 2654 1429 de·

1591 1455 1935 1504 trudebantur
1973 1457 2106 1504 servi
2141 1457 2293 1518 noxii,
2318 1472 2366 1506 v.
2392 1472 2438 1506 c.
2474 1464 2655 1505 contu·

1589 1543 1760 1577 maces
1805 1530 2033 1593 ingenio,
2077 1528 2302 1592 fugitivi,
2340 1532 2551 1594 maligni
2597 1539 2657 1582 et

1592 1603 1787 1654 delicto
1821 1605 2008 1655 crebro
2047 1606 2295 1665 obnoxii3
2333 1613 2388 1655 et
2411 1608 2508 1657 hoc
2546 1608 2655 1657 sola

1589 1683 1740 1731 herili
1780 1686 2053 1734 sententia.
2123 1683 2224 1731 Sed
2268 1684 2455 1733 innoxii
2491 1685 2653 1733 etiam

1589 1760 1688 1809 huc
1727 1760 1960 1820 immissi,
1983 1765 2041 1807 ut
2079 1758 2207 1808 viles
2245 1759 2411 1820 servi,
2440 1757 2658 1822 captivi,

1591 1834 1820 1895 barbari,
1842 1842 1896 1883 et
1915 1847 2132 1896 corpore
2165 1840 2364 1882 tantum
2383 1834 2556 1883 utileS.

1656 1909 1859 1970 Ingenui
1883 1908 2040 1957 etiam
2079 1909 2403 1971 quandoque,
2434 1923 2530 1970 per
2553 1909 2655 1959 vim

1592 1998 1652 2031 ac
1672 1982 1924 2032 fraudem.
1956 1984 2170 2032 Sueton.
2195 1983 2313 2032 Tib.
2337 1988 2386 2032 8.
2421 1986 2436 2013 ‘
2464 1985 2653 2033 Curam

1594 2059 1837 2107 sustinuit
1878 2058 2318 2121 repurgandorum
2349 2064 2461 2107 tota
2500 2058 2658 2109 Italia

1594 2135 1989 2196 ergastulorum,
2031 2149 2246 2197 quorum
2271 2133 2467 2181 domiui
2508 2133 2660 2181 inin-

1566 2209 1786 2276 ‚vidiam
1813 2219 2080 2269 venerant,
2102 2209 2246 2272 quasi
2269 2215 2518 2272 exceptos
2541 2222 2658 2271 sup·

1596 2284 1900 2345 primerent‚
1931 2298 2034 2340 non
2075 2285 2236 2331 solum
2283 2284 2526 2347 viatores,
2562 2282 2656 2333 sed

1596 2363 1651 2405 et
1673 2372 1799 2419 quos
1824 2360 2132 2408 sacramenti
2166 2365 2330 2406 metus
2372 2358 2438 2409 ad
2481 2359 2658 2423 hujus·

1594 2431 1733 2482 modi
1753 2434 1977 2483 latebras
1999 2432 2375 2498 compulisset.5
2441 2448 2449 2456 ·

1656 2509 1810 2558 Unde
1833 2510 2062 2572 colliges,
2097 2525 2196 2559 non
2230 2508 2388 2559 fuisse
2407 2509 2545 2561 forte
2568 2526 2659 2562 va·

1593 2600 1710 2635 nam
1753 2600 1962 2649 prorsus
2004 2584 2409 2635 criminationem
2464 2586 2659 2650 Agrip·

1595 2661 1729 2725 pinae
1752 2678 1766 2710 ε
1805 2676 1953 2725 quam
1981 2662 2077 2710 vim
2099 2662 2249 2726 enim,
2267 2670 2358 2711 aut
2374 2677 2529 2726 quam
2551 2676 2658 2711 non

1595 2739 1901 2788 seditionem
1926 2739 2187 2787 concitare
2212 2744 2498 2801 potueruut
2520 2743 2658 2802 octo,

1597 2814 1797 2875 decem,
1819 2819 1911 2862 aut
1948 2814 2105 2861 etiam
2144 2814 2329 2876 viginti
2369 2811 2531 2861 millia
2551 2822 2659 2861 ser-

1596 2904 1776 2939 vorum
1809 2904 1904 2953 per
1928 2890 2091 2954 villas,
2113 2889 2330 2952 praedia,
2371 2888 2540 2950 sylvas
2561 2888 2659 2936 sal-

1600 2973 1787 3031 tusque
1843 2967 2029 3029 passim
2085 2964 2483 3028 dispositorum?
2537 2976 2657 3012 nam

1603 3057 1742 3106 saepe
1765 3048 1843 3092 tot
1877 3042 2103 3091 habuere
2129 3055 2374 3104 proceres
2414 3038 2487 3088 illi
2528 3053 2658 3102 prae-

1601 3119 1828 3179 divites;
1860 3118 1938 3167 ita
1974 3124 2032 3166 ut
2070 3117 2362 3181 provincias
2398 3113 2551 3163 facile
2573 3126 2663 3164 ex·

1602 3201 1799 3244 terrere
1838 3201 2067 3259 possent,
2090 3192 2358 3256 praecipue
2395 3190 2663 3239 deminuta

1602 3270 1758 3332 plebe
1801 3269 2044 3332 ingenua,
2101 3274 2157 3316 et
2198 3281 2314 3317 rara
2367 3279 2465 3331 per
2505 3277 2660 3329 agros

1600 3346 1921 3410 longinquos.

1666 3421 1814 3469 Servi
1880 3419 1957 3471 illi
2021 3417 2344 3481 ergastularii
2400 3419 2661 3480 perpetuo

1603 3496 1784 3559 vincti,
1814 3496 1949 3551 unde
1988 3500 2044 3544 et
2079 3493 2228 3542 vincti
2243 3491 2492 3555 appellati
2526 3496 2662 3543 sunt.

1605 3572 1918 3626 Columella:
1952 3572 1968 3598 ‘
1985 3568 2238 3620 Dominus
2251 3568 2387 3616 villae
2406 3565 2663 3629 exploret,

1603 3662 1725 3699 uum
1769 3647 1971 3697 villicus
2015 3651 2105 3693 aut
2156 3641 2446 3706 alligaverit
2488 3652 2661 3703 quem·

1603 3724 1759 3787 piam,
1781 3723 1896 3786 ipso
1918 3721 2203 3779 nesciente,
2228 3723 2318 3766 aut
2341 3713 2663 3778 revinxerit!

1602 3800 1801 3848 Seneca
1824 3797 1888 3845 de
1928 3790 2115 3846 brevit.
2135 3793 2292 3843 vitm:
2329 3793 2344 3822 ‘
2365 3791 2468 3844 Qui
2505 3791 2558 3839 in
2579 3804 2662 3840 ce·

1603 3879 1802 3922 romate
1856 3875 2120 3934 spectator
2170 3880 2449 3930 puerorum
2487 3867 2662 3917 rixan-

1605 3948 1732 3996 tium
1771 3947 1935 4008 sedet‚
1982 3945 2071 4010 qui
2125 3944 2416 3997 vinetorum
2459 3937 2665 3991 suorum

1607 4038 1791 4087 greges
1814 4027 2059 4084 metatur,
2097 4025 2154 4070 et
2189 4019 2487 4070 colonorum
2520 4016 2665 4079 paria

1606 4098 1851 4148 deducit!
1974 4090 1995 4109 ‘
2213 4092 2215 4096 ⁴

1669 4174 1772 4223 Ubi
1795 4173 1987 4222 frustra
2007 4171 2138 4234 legit
2150 4169 2353 4233 Lipsius
2374 4168 2426 4216 iu
2462 4166 2665 4215 colorum

1599 4248 1740 4312 paria
1758 4246 1969 4311 deducit,
1992 4244 2141 4310 quasi
2160 4244 2304 4295 albos
2336 4241 2404 4293 ab
2444 4239 2665 4293 invicem
