3100 4925
378 449 414 501 J
418 484 429 498 .
453 450 512 501 C.
536 446 641 510 δᾶ]

1066 439 1476 489 ANNALIUM
1524 434 1672 488 LIB.
1719 439 1896 489 xm.

2415 423 2588 489 1469

374 591 604 673 septus
646 587 838 652 turba
878 579 1399 662 Centurionum}
1442 589 1512 649 et
1554 589 1714 669 post
1753 585 1955 649 breve
2007 579 2326 649 osculum¹
2369 582 2585 666 digre-

381 689 586 753 diens,

465 790 574 854 19.
621 787 812 853 Nihil
851 807 1064 852 rerum
1109 788 1486 853 mortalium
1524 797 1662 852 tam
1698 788 2004 856 instabile
2045 807 2126 853 ac
2172 789 2432 853 fluxum
2457 792 2581 864 est,

382 910 582 975 quam
628 890 809 955 fama
856 890 1198 973 potentiae,
1231 909 1366 955 non
1407 908 1530 954 sua
1573 891 1645 955 vi
1691 891 1902 954 nixo..¹⁵

378 992 775 1076 Agrippinae
799 992 1022 1055 limen.

1991 889 2230 956 Statim
2280 890 2580 954 relictum

1110 990 1329 1055 Nemo
1348 991 1572 1070 solari,
1602 1012 1797 1056 nemo
1827 992 1934 1057 adi
1942 1011 2034 1069 re,
2066 997 2307 1077 praeter
2326 1007 2584 1076 paucas

384 1187 706 1238 centurionum
726 1191 874 1247 erat;
906 1191 954 1236 et
970 1191 1078 1250 post
1094 1187 1279 1236 brevem
1300 1187 1587 1250 complexum
1606 1186 1896 1238 abscedebat.

452 1252 591 1301 Nihil
620 1253 672 1300 in
693 1251 829 1300 rebus
849 1251 1065 1300 humanis
1086 1255 1185 1300 tam

1212 1250 1478 1315 fluxumuc
1498 1253 1722 1301 caducum
1741 1257 1831 1314 est,
1872 1266 2011 1315 quam
2054 1250 2211 1315 opinio
2237 1250 2481 1315 potentie,
2495 1266 2586 1299 non

384 1317 434 1365 oi
447 1316 642 1381 propria
668 1316 836 1375 fultoe.
906 1314 1165 1375 Confestim
1185 1317 1382 1365 deserta
1414 1321 1535 1366 sunt
1554 1316 1692 1375 sores
1843 1316 1854 1328 ⁸

1726 1316 2040 1381 Agnppinae:
2060 1330 2192 1367 nemo
2211 1314 2433 1395 solatium
2454 1314 2586 1365 exhi-

1333 1491 1659 1513 OOO‘OOOOOOO

469 1605 496 1649 1
536 1597 702 1661 Nixoe,
736 1599 1047 1662 Gronovius,
1080 1599 1333 1664 Ryckius,
1366 1606 1422 1651 et
1463 1601 1731 1651 Broticrus
1772 1615 1890 1650 cum
1933 1593 2184 1650 Homero.
2241 1591 2369 1647 Mss.
2414 1588 2587 1646 Vatic.

387 1661 561 1713 Oxon.
578 1665 710 1728 Reg.
729 1663 908 1713 Guelf.
926 1671 982 1713 et
997 1663 1252 1714 editiones
1271 1670 1494 1727 veteres,
1512 1665 1648 1716 nixa.
1695 1666 1881 1714 Placet
1905 1677 2106 1729 quoque
2123 1664 2385 1712 Ernesto..
2412 1661 2587 1723 Lipsio

384 1733 443 1777 et
461 1728 829 1778 recentioribus
852 1729 1084 1780 omnibus
1099 1734 1386 1794 receptum,
1408 1729 1558 1794 πίπτω,
1577 1730 1715 1794 quod
1735 1745 1822 1779 sua
1836 1728 1886 1778 vi
1901 1727 2169 1779 defensum
2181 1725 2405 1776 videtur.
2440 1726 2585 1773 Broc.

1372 1884 1593 1935 No'rAE

386 2010 567 2062 Drusi.
599 2071 604 2074 ,
632 2010 703 2062 Et
721 2011 961 2063 Valerius
994 2012 1250 2063 Maximus
1272 2014 1450 2077 docet,

387 2086 665 2138 Antoniam
690 2088 833 2138 illam
866 2091 1193 2141 consenuisse
1224 2091 1277 2141 ln
1310 2091 1447 2142 cubi·

387 2163 506 2216 culo
548 2177 722 2213 socrus
777 2164 937 2214 Liviae
981 2164 1254 2230 Auguste,
1297 2168 1446 2231 cnjus

387 2239 495 2288 filio
529 2242 707 2290 Druso
747 2242 860 2306 ipsa
904 2249 1168 2307 nupserat,
1202 2244 1339 2309 qnod
1361 2260 1446 2295 ve·

389 2329 502 2365 rum
536 2322 634 2365 est.

451 2392 588 2441 Nam
606 2392 834 2457 quamvis
855 2406 989 2445 nunc
1008 2401 1218 2461 separet
1241 2389 1447 2445 domum

388 2482 531 2518 suam
564 2470 726 2533 Nero,
748 2475 918 2520 tamen
949 2472 1051 2522 ista
1074 2473 1253 2521 domus
1285 2471 1449 2523 Anto·

387 2543 507 2608 niae‚
527 2559 644 2609 quae
669 2555 804 2594 nunc
825 2547 1004 2597 eadem
1028 2540 1329 2611 Agrippinae
1353 2554 1451 2612 est,

388 2620 527 2671 intra
565 2621 816 2671 ambitum
846 2618 1101 2674 Palatinae
1136 2625 1316 2673 domus
1348 2625 1451 2675 sita

387 2696 506 2747 fuit.
585 2697 769 2763 Sicqne
814 2714 937 2749 vere
974 2700 1210 2750 Valerius
1248 2702 1451 2764 asserit,

390 2771 581 2822 vixisse
613 2777 670 2821 et
707 2774 1035 2825 consenuisse
1075 2774 1359 2825 Antoniam
1396 2776 1449 2824 in

394 2847 637 2911 thalamo,
672 2856 728 2898 et
760 2850 813 2898 in
858 2850 970 2900 sinu
1007 2851 1168 2914 ipsius
1201 2852 1451 2916 Augustae

392 2923 573 2987 Liviae,
595 2929 655 2973 ut
671 2939 783 2987 quae
806 2925 859 2973 in
884 2926 1065 2974 eadem
1086 2925 1257 2991 domo,
1288 2927 1341 2976 in
1365 2927 1451 2977 iis-

393 2997 509 3049 dem
528 3000 807 3062 penatibus
829 3000 977 3049 simul
999 3002 1217 3051 viveret.

454 3073 480 3107 ἱ
503 3075 676 3137 Sepias
692 3075 833 3124 turba
858 3078 1221 3141 Centurionum]
1239 3077 1321 3127 Ad
1346 3093 1451 3127 ma-

395 3158 529 3203 trem
551 3150 732 3201 debuit
762 3153 838 3201 ire
861 3153 1046 3202 relicta
1064 3154 1201 3202 mole
1224 3153 1451 3204 fortunae

393 3242 519 3291 suae,
562 3232 618 3276 et
660 3227 770 3276 sine
808 3226 1007 3291 ingenti
1066 3233 1121 3276 et
1156 3228 1452 3291 importuno

375 3304 479 3361 ,ino
500 3311 749 3369 apparatu
781 3302 973 3366 fastigii
1009 3304 1339 3367 principalis:
1377 3305 1451 3354 sic

392 3380 517 3430 boni
559 3380 819 3444 principes
870 3380 1062 3429 amicos
1105 3395 1223 3429 suos
1263 3381 1450 3429 invise-

393 3454 541 3518 bant,
563 3456 747 3505 relicto
779 3456 960 3506 lictore
994 3460 1049 3504 et
1081 3453 1328 3520 fascibus,
1350 3457 1452 3519 pri-

394 3545 604 3596 usquam
625 3531 764 3580 fores
785 3532 1072 3595 pulsarent.

457 3607 562 3657 Sed
601 3606 871 3657 diffidebat
914 3608 1070 3657 matri
1104 3608 1267 3670 Nero,
1310 3622 1456 3658 cave-

393 3682 586 3748 batque
606 3684 671 3732 ab
691 3683 778 3731 illa
797 3690 907 3732 tum
925 3683 1022 3732 sibi
1040 3681 1229 3732 infesta
1248 3690 1302 3733 et
1325 3688 1458 3733 atro-

395 3758 480 3819 ci.;
514 3758 611 3808 etsi
635 3774 815 3823 parum
840 3760 1114 3809 comitatus
1148 3759 1200 3807 in
1224 3759 1456 3822 ejusdem

399 3835 536 3884 oedes
555 3836 803 3895 venisset,
826 3836 1000 3885 timuit
1022 3848 1087 3884 ne
1125 3834 1323 3883 insidiis
1346 3834 1459 3899 ejus

396 3912 796 3977 opprimeretur.

460 3987 648 4037 Statim
687 3989 822 4036 enim
859 3988 945 4037 illo
978 3989 1170 4051 occiso,
1204 3987 1461 4052 potuisset

398 4061 552 4113 facile
578 4062 691 4127 ipsa
721 4078 898 4112 rursus
922 4065 1179 4128 Rempub.
1214 4072 1269 4114 et
1300 4063 1461 4127 impe-

402 4138 533 4187 rium
565 4138 841 4188 invadere:
876 4141 1045 4203 gratia
1075 4141 1209 4188 enim
1241 4142 1462 4204 praepol-

395 4213 545 4263 lebat
562 4214 699 4279 apud
722 4214 927 4276 milites,
949 4229 1309 4280 proceresque,
1341 4215 1460 4279 quia

399 4289 507 4341 filia
526 4290 823 4343 Germanici
845 4290 1168 4357 Agrippina3
1192 4291 1339 4356 cujus
1354 4306 1460 4343 me·

1527 2014 1742 2064 moriam
1781 2025 1977 2064 summo
2015 2025 2189 2062 amore
2226 2009 2467 2061 colebant
2498 2022 2588 2072 po-

1525 2091 1676 2155 pulus
1718 2092 1867 2141 Rom.
1910 2088 2311 2154 optimatesque,
2354 2092 2410 2136 et
2442 2098 2592 2135 exer·

1528 2168 1684 2219 citus.
2212 2225 2221 2230 ,

1594 2246 1667 2294 Et
1700 2243 1972 2307 imperinm
2011 2241 2127 2304 ipsa
2160 2239 2215 2288 in
2253 2237 2429 2287 dotem
2470 2234 2593 2285 affe-

1526 2335 1669 2382 rens,
1688 2316 1927 2368 mari‘tnm
1946 2316 2097 2366 facile
2122 2315 2237 2379 ipsa
2258 2312 2356 2361 sibi
2380 2326 2473 2375 pro
2494 2326 2591 2361 suo

1526 2405 1657 2449 nutu
1692 2397 2003 2461 delegisset3
2036 2408 2154 2443 narn
2195 2387 2386 2442 florens
2422 2389 2593 2439 adhuc

1527 2482 1586 2527 et
1618 2476 1790 2526 habilis
1809 2475 2011 2536 juveram
2032 2471 2131 2537 ipsi
2150 2487 2165 2531 ς
2202 2470 2331 2518 adeo
2355 2473 2415 2516 ut
2437 2466 2594 2516 etiam

1529 2552 1759 2616 placere,
1813 2552 1897 2600 vel
1951 2545 2150 2599 Neroni
2203 2546 2323 2611 ipsi,
2362 2543 2594 2593 domina·

1529 2620 1684 2677 tionis
1706 2641 1860 2679 causa
1880 2623 2201 2688 cogitaverit.

1595 2701 1608 2735 ¹
1640 2703 1761 2752 Post
1784 2703 1915 2751 breve
1936 2699 2162 2762 osculum]
2195 2695 2358 2750 Quasi
2375 2710 2470 2760 per
2485 2693 2594 2746 offi-

1530 2776 1688 2841 cium,
1711 2785 1765 2828 et
1799 2785 1858 2827 ut
1891 2777 2069 2826 decori
2094 2774 2305 2839 publico
2334 2771 2597 2837 satisface-

1530 2861 1632 2918 ret,
1654 2854 1817 2917 magis
1847 2867 2000 2917 quam
2037 2864 2226 2899 amore.
2293 2849 2424 2897 Tam
2459 2847 2596 2897 breve

1530 2930 1586 2979 id
1606 2929 1858 2990 osculum,
1876 2933 1936 2976 ut
1957 2926 2096 2975 nullo
2119 2930 2336 2972 matrem
2354 2921 2599 2986 alloquio,

1530 3007 1675 3055 nulla
1697 3005 1963 3067 comitate,
1990 3008 2080 3052 aut
2102 3014 2337 3051 sermone
2360 2999 2596 3063 dignare-

1532 3086 1637 3130 tur.
1720 3079 1909 3129 Statim
1955 3076 2292 3137 abscedebat,
2335 3074 2482 3139 quasi
2519 3074 2597 3125 sic

1533 3162 1734 3207 tantum
1758 3155 2053 3220 δορυφόρημα
2087 3152 2300 3218 regium,
2332 3158 2423 3202 aut
2455 3164 2598 3202 mera

1534 3232 1830 3282 caerimonia
1851 3237 2007 3280 esset.

1595 3308 1682 3357 Sic
1706 3308 1759 3356 in
1782 3306 1891 3355 vita
1914 3304 2177 3368 Agricolae
2196 3317 2310 3366 cap.
2328 3307 2409 3352 40.
2435 3318 2466 3351 a
2487 3305 2598 3353 Do-

1531 3385 1744 3433 mitiano
1778 3381 1990 3438 factum,
2043 3383 2126 3441 qui
2175 3380 2361 3429 Calvus
2414 3378 2592 3440 Nero;

1530 3461 1924 3523 ‘exceptusque
1961 3456 2103 3506 brevi
2139 3455 2333 3518 osculo,
2370 3459 2427 3503 et
2456 3454 2600 3503 nullo

1536 3548 1791 3598 sermone,
1803 3534 1972 3583 turbae
1991 3530 2327 3582 servientium
2339 3528 2600 3578 immixtus

1536 3614 1651 3661 est.’

1601 3687 1720 3735 Post
1763 3687 1898 3735 breve
1930 3684 2159 3747 osculum]
2211 3683 2299 3733 Sic
2341 3688 2396 3732 et
2437 3680 2599 3732 Liviae

1537 3761 1777 3826 contigit,
1820 3777 1937 3827 quae
1983 3760 2202 3809 dederat
2239 3759 2395 3808 etiam
2440 3758 2602 3822 impe-

1537 3837 1668 3885 rium
1703 3836 1810 3885 filio
1846 3835 2070 3886 Tiberio.
2109 3835 2322 3884 Sueton.
2365 3832 2483 3882 Tib.
2517 3837 2605 3883 31.

1445 3940 1450 3945 ·
1537 3912 1554 3940 ‘
1576 3913 1717 3962 Toto
1749 3912 1957 3976 quidem
1991 3911 2235 3973 triennio,
2255 3925 2356 3975 quo
2392 3910 2602 3959 vivente

1538 3996 1705 4039 matre
1736 3987 1925 4052 abfuit,
1946 3990 2103 4037 semel
2126 3988 2328 4037 omnino
2354 4001 2487 4048 eam,
2505 3994 2602 4035 nec

1520 4066 1760 4128 vamplius
1785 4079 1934 4128 quam
1959 4080 2059 4113 uno
2083 4064 2167 4112 die
2203 4078 2263 4112 ac
2287 4061 2602 4126 paucissimis

1542 4139 1672 4188 vidit
1705 4139 1875 4202 horis,'
1898 4144 1997 4188 &e.
2064 4140 2243 4203 Usque
2277 4138 2407 4186 adeo
2442 4138 2604 4200 impo-

1541 4214 1711 4264 tentia
1755 4215 2018 4278 libidoque
2068 4213 2364 4264 dominandi
2409 4218 2605 4274 cetera,

1537 4295 1596 4339 et
1616 4296 1818 4343 natnrae
1835 4289 1962 4355 jura
1980 4290 2090 4356 ipsa
2102 4289 2301 4355 spernit
2321 4288 2606 4355 violatque.
