3100 4925
496 383 554 474 31.
580 384 642 434 C.
663 382 771 446 δεῖ]

502 521 596 606 (si
668 522 850 590 Nero
921 524 1346 606 imperitaret.

1199 380 1619 433 ANNALIUM
1670 384 1819 431 Lm.
1869 384 2014 432 XH-
2056 453 2072 474 d

2530 370 2703 438 1367

1461 523 1843 589 Britannico
1939 523 2377 604 successore,¹‘
2452 526 2705 592 nullum

505 623 814 706 Principi
829 623 1178 701 meritum,i
1203 608 1648 709 ac)⁶novercae
1678 627 1936 698 insidiis
1965 627 2233 699 domum
2264 646 2518 691 omnem
2548 648 2707 692 con-

497 724 678 801 velli,
706 725 960 808 majore
989 725 1268 807 flagitio,
1299 746 1500 809 quam
1530 729 1590 789 si
1615 728 2100 811 impudicitiam
2124 730 2363 811 prioris
2394 729 2698 812 conjugis

497 895 700 971 efferri,
723 905 763 960 si
784 927 952 962 rerum
978 914 1234 976 potiretur
1257 915 1418 964 Nero.
1484 916 1539 964 Si
1564 902 1893 965 Britannicus
1910 914 2217 963 succederet
2240 914 2396 977 patri,
2413 919 2541 963 certe
2565 916 2704 963 nulio

505 978 689 1024 merito
708 977 805 1024 sibi
829 977 1124 1026 devinctum
1148 980 1269 1027 hunc
1299 981 1608 1043 principem,
1633 987 1864 1029 attamen
1887 994 2122 1028 novercae
2158 979 2277 1026 dol-o
2299 994 2360 1027 ac
2395 978 2574 1027 fraude
2598 980 2709 1028 uni-

507 1054 704 1089 versam
727 1041 933 1090 domum
975 1043 1178 1090 Caesaris
1210 1042 1540 1105 labefactari,
1568 1045 1750 1109 majori
1771 1045 1968 1094 scelere
1994 1058 2147 1108 quam
2172 1043 2214 1092 si
2235 1042 2499 1092 libidinem
2522 1043 2707 1105 prioris

1501 1173 1715 1223 NOTAE

566 1261 591 1295 ¹³
623 1264 909 1314 Britannico
940 1266 1219 1330 successore]
1288 1270 1413 1333 Conj
1422 1276 1569 1320 ectat

505 1337 800 1404 NarcissnS,
838 1342 935 1390 sibi
970 1346 1285 1406 pereundum
1301 1360 1439 1410 esse,
1459 1346 1595 1394 sive·

497 1415 669 1477 Nero,
708 1417 817 1467 sive
838 1418 1169 1468 Britannicus
1205 1422 1445 1484 imperet.
1508 1422 1566 1471 Si

397 1527 400 1530 Α
495 1491 914 1555 ·Neroimperet,
954 1496 1274 1557 pereundum
1317 1498 1415 1545 sibi
1449 1497 1568 1546 odio

505 1565 827 1630 Agrippinae,
866 1575 923 1617 et
967 1570 1086 1632 quia
1123 1571 1421 1621 adversatus
1459 1572 1569 1635 ejus

499 1646 699 1708 nuptiis
722 1645 917 1707 fuerit3
951 1648 992 1696 si
1023 1649 1354 1697 Britannicus
1395 1664 1571 1698 succe·

495 1721 602 1782 -dit,
623 1724 801 1771 utillum
818 1724 1040 1787 principi,
1061 1724 1114 1772 id
1131 1730 1229 1785 est,
1248 1724 1572 1787 Britannice,

499 1798 728 1848 meritum
739 1813 758 1855 ,·
789 1800 968 1862 (vocat
990 1814 1105 1847 eum
1136 1799 1417 1861 principem,
1449 1800 1572 1863 quia

508 1871 588 1920 de‘
613 1887 680 1920 eo
713 1874 823 1935 jam
867 1881 928 1922 ut
970 1889 1268 1924 successore
1312 1876 1571 1938 cogitatz)

497 1948 656 2010 quasi
698 1949 919 2008 diceret,
955 1951 1149 1999 nullum
1186 1966 1334 2000 suum
1369 1951 1570 2000 esse'in

499 2024 861 2074 Britannicum
877 2027 1162 2090 principem
1175 2028 1434 2091 meritum,
1452 2028 1572 2091 qnia

501 2107 726 2151 -matrem
765 2103 901 2150 illius
948 2104 1244 2167 occidisset,
1292 2120 1390 2154 nec
1430 2103 1577 2154 forte

508 2190 620 2225 esse
641 2192 813 2240 posse,
837 2179 957 2241 quia
979 2193 1218 2228 novercae
1261 2180 1458 2227 insidiis
1480 2181 1572 2229 do-

501 2268 622 2302 ·mus
643 2255 806 2302 omnis
831 2256 1157 2315 convellitur,
1193 2261 1249 2304 et
1270 2255 1445 2314 mnjore
1470 2254 1568 2316 fla-

506 2331 649 2392 gitio,
670 2346 809 2393 quam
829 2332 872 2379 si
910 2332 1258 2394 impudicitiam
1283 2333 1572 2380 Mes-callim

505 2406 798 2455 reticuisset.

503 2508 511 2517 -
577 2484 762 2547 Itaque
781 2489 957 2532 certam
980 2484 1072 2533 sibi
1095 2485 1351 2548 perniciem
1381 2488 1574 2536 omina-

505 2567 615 2621 mr,
646 2561 840 2609 utervis
883 2560 1139 2624 imperet3
1181 2562 1299 2612 binc
1359 2570 1577 2628 propter

512 2633 842 2687 offensionem
884 2636 1190 2701 Agrippinae
1236 2645 1294 2689 et
1330 2642 1578 2704 Neronis,

501 2711 673 2771 illinc,
716 2711 837 2774 quia
876 2714 1068 2762 nullum
1108 2714 1205 2763 sibi
1242 2716 1482 2765 meritum
1522 2718 1577 2764 in

504 2787 904 2848 =Britannicum3
940 2803 1107 2852 neque
1154 2790 1310 2839 etiam
1344 2789 1483 2840 forte
1523 2793 1578 2840 in

501 2861 683 2923 »ipsum
718 2862 1005 2925 principem
1045 2865 1315 2913 Claudium
1351 2880 1465 2915 esse
1489 2881 1578 2929 po·

499 2944 640 2999 —test,
659 2939 782 3002 qnia
802 2953 1009 2991 noverca
1030 2940 1219 2993 insidiis
1236 2948 1427 2991 cuncta
1460 2943 1579 2991 sub-

517 3019 813 3074 vertuntur,
830 3017 928 3062 ὅτε.

503 3117 510 3121 -
583 3090 654 3137 Et
686 3087 821 3136 τὸαο
856 3103 1067 3138 noverca
1102 3095 1183 3137 est
1220 3091 1382 3140 veluti
1422 3093 1579 3155 ratio,

505 3180 669 3231 quam
707 3164 883 3214 reddit
926 3164 1216 3224 Narcissus,
1252 3180 1343 3214 cur
1381 3167 1579 3215 nulium

515 3255 664 3289 suum
707 3240 947 3288 meritum
1002 3238 1091 3301 sit,
1135 3246 1226 3288 aut
1280 3239 1419 3290 forte
1464 3257 1581 3290 esse

518 3316 685 3379 possit
704 3315 759 3363 in
778 3313 1081 3377 principem,
1097 3315 1255 3363 etiam
1278 3315 1320 3363 si
1340 3330 1435 3378 per
1447 3317 1584 3378 prin-

506 3392 667 3455 cipem
702 3390 959 3451 intelligas
990 3388 1281 3449 Claudium,
1318 3391 1426 3439 sive
1466 3392 1584 3439 Bri-

507 3466 783 3515 -tannicum
806 3482 821 3526 ς
847 3466 1015 3514 'idem
1056 3465 1193 3514 enim
1245 3472 1345 3514 est.
1428 3466 1582 3517 Quod

505 3541 662 3590 -enim
699 3541 864 3603 majus
901 3539 1077 3588 liberti
1120 3540 1361 3589 meritum
1412 3540 1586 3603 potuit

521 3633 638 3667 esse
661 3617 713 3664 in
735 3618 1025 3678 Claudium,
1047 3624 1138 3666 ant
1157 3617 1210 3666 in
1226 3617 1408 3677 filium,
1432 3633 1584 3681 qnam

505 3695 566 3742 ·si
609 3695 719 3756 ipae
759 3694 1066 3741 vindicasset
1123 3693 1393 3756 imperium
1454 3695 1584 3756 proli

520 3768 704 3832 ipsius,
752 3767 1053 3816 Britannico
1109 3783 1317 3832 nempe,
1372 3770 1585 3818 excluso

523 3847 747 3896 ascititio
791 3849 1023 3910 Nerone,
1068 3858 1126 3897 et
1167 3848 1449 3899 exturbata
1498 3862 1586 3897 no-

523 3936 683 3972 verca
704 3924 723 3970 ?

505 4024 522 4037 -
586 3997 604 4031 ῐ
635 3998 831 4047 Nullum
846 3999 1055 4062 principi
1084 3999 1328 4062 meritum]
1381 4000 1447 4049 Id
1469 4006 1586 4060 est3
1650 4026 1657 4031 -

511 4077 719 4124 -nnilnm
741 4088 887 4126 suum
909 4077 1152 4125 meritum
1179 4090 1290 4126 esse
1325 4078 1379 4125 in
1402 4078 1590 4140 princi-

509 4162 667 4215 ·pem,
684 4152 1041 4200 Britannicum
1061 4165 1264 4215 nempe,
1295 4151 1405 4200 sive
1421 4152 1591 4200 -Ciau-

511 4226 698 4291 »ἀλωῆς
747 4242 867 4277 nam
903 4227 1042 4283 idem
1064 4232 1148 4279 est
1182 4228 1283 4278 hoe
1320 4228 1470 4281 loco.2,
1515 4227 1593 4279 Ac

1646 1276 1820 1319 tamen
1843 1269 2020 1318 videre
2061 1283 2136 1332 se,
2159 1282 2368 1320 novercae
2403 1265 2709 1331 Agrippinae

1639 1346 1836 1395 insidiis
1872 1348 2061 1395 domum
2102 1360 2284 1395 omnem
2321 1344 2570 1409 principis
2609 1358 2716 1393 con·

1641 1423 1773 1486 velli,
1810 1422 1956 1486 cnjus
2000 1423 2155 1471 saluti
2212 1422 2479 1472 consulere
2530 1420 2711 1483 vellet,

1646 1514 1742 1563 pro
1762 1499 1901 1548 virili
1927 1504 2096 1562 parte.
2127 1500 2250 1548 Tac.
2292 1498 2308 1526 ‘
2328 1497 2416 1546 Ita
2437 1497 2504 1545 de
2527 1510 2584 1546 se
2607 1510 2712 1545 me-

1646 1575 1804 1623 ritum
1845 1575 2124 1636 Caesarem,
2146 1579 2206 1622 ut
2235 1573 2399 1622 vitam
2437 1571 2553 1620 usui
2597 1571 2712 1634 ejus

1649 1649 2008 1711 impenderet?
2072 1647 2158 1696 Ita
2179 1652 2254 1709 ut,
2287 1647 2446 1696 etiam
2479 1647 2522 1695 si
2545 1645 2715 1695 occidi

1652 1725 1892 1785 deberet,
1951 1725 2150 1786 prolem
2198 1723 2308 1786 ejus
2350 1724 2404 1770 in
2446 1722 2574 1771 solio
2620 1736 2711 1785 pa-

1653 1808 1800 1850 terno
1839 1806 2069 1849 statuere
2109 1799 2287 1849 vellet.
2375 1798 2498 1860 Ipse
2534 1798 2608 1847 sic
2643 1798 2712 1847 ad

1653 1876 2009 1925 Britannicum
2041 1874 2208 1924 infra:
2242 1875 2257 1902 ⁶
2278 1874 2452 1923 Patris
2476 1874 2712 1923 inimicos

1646 1953 1958 2016 depelleret,
1996 1952 2174 2001 matris
2216 1954 2374 2001 etiam
2411 1949 2717 2001 interfecte-

1653 2043 1734 2077 res
1779 2026 2149 2077 ulcisceretur?
2236 2027 2408 2076 Etiam
2455 2027 2500 2074 si
2545 2027 2715 2089 ipsum

1653 2103 1946 2153 interficere
1985 2103 2205 2166 deberet
2249 2102 2604 2163 Britannicus,
2643 2110 2717 2152 ta·

1642 2194 1770 2228 -men
1795 2180 1929 2229 velle
1952 2179 2095 2226 illum
2121 2178 2279 2241 potiri
2296 2178 2530 2241 imperio,
2546 2178 2716 2239 ejecto

1652 2256 1865 2305 Nerone
1887 2259 2153 2303 extraneo.
2692 2271 2695 2276 ·

1648 2365 1653 2372 ·
1720 2332 1916 2379 Nullum
1964 2329 2196 2392 principi]
2260 2328 2322 2377 Id
2369 2334 2466 2390 est,
2519 2330 2718 2378 nullum

1655 2421 1801 2455 sunm
1823 2405 1989 2454 adhuc
2013 2404 2065 2451 in
2086 2403 2444 2453 Britannicum
2473 2404 2714 2453 meritum

1646 2481 1830 2542 fnisse,
1863 2487 1918 2531 et
1940 2480 1982 2529 si
2006 2480 2100 2541 vis,
2136 2494 2234 2529 nec
2274 2479 2326 2528 in
2362 2478 2531 2543 ipsum
2567 2481 2717 2530 Clau-

1654 2559 1830 2617 dium3
1864 2558 1965 2606 hoc
2009 2563 2269 2621 respectu,
2308 2562 2368 2606 ut
2409 2558 2717 2606 succederet

1653 2635 2002 2684 Britannicus.
2068 2634 2205 2681 Nam
2245 2647 2342 2696 par
2378 2634 2512 2681 ratio
2552 2638 2631 2682 est
2666 2633 2719 2680 ia

1654 2710 1752 2758 hoc
1771 2724 1894 2758 casu
1913 2709 1978 2756 de
2000 2707 2108 2756 filio
2129 2716 2184 2757 et
2206 2716 2374 2771 patre.

1720 2784 1991 2846 Attamen,
2041 2785 2267 2848 quamvis
2312 2785 2537 2833 nondum
2582 2785 2716 2835 bene

1648 2865 1872 2913 meritus
1917 2870 2057 2912 esset
2106 2863 2171 2911 de
2213 2862 2536 2925 Britannico,
2580 2876 2718 2911 nune

1655 2946 1806 2990 certe
1827 2937 2006 2990 offerri
2029 2938 2125 2987 sibi
2156 2936 2479 2986 occasionem
2518 2938 2722 3001 amplis-

1652 3019 1834 3068 simam
1860 3017 1995 3066 bene
2015 3015 2266 3064 merendi.
2330 3015 2483 3074 Nam,
2513 3028 2721 3062 noverca

1656 3093 1843 3141 insidiis
1873 3094 2061 3140 domum
2099 3103 2282 3138 omnem
2323 3088 2576 3152 principis
2592 3104 2723 3137 <con-

1646 3172 1781 3233 Δυιεὶίὶ,
1816 3170 1992 3229 mqy'ore
2002 3168 2222 3230 flagitio,
2257 3181 2408 3229 qnam
2433 3173 2556 3215 aute
2579 3167 2720 3223 Mes-

1648 3246 1877 3305 ·saliinae,
1898 3249 1954 3292 et
1974 3257 2043 3291 ne
2060 3242 2404 3304 impudicitiam
2435 3242 2620 3304 quidem
2643 3241 2724 3289 ab·

1664 3335 1792 3378 esse5
1826 3319 1949 3367 data
1993 3308 2090 3365 hac
2137 3317 2429 3377 occasione,
2470 3328 2623 3379 posse
2666 3330 2723 3364 se

1656 3396 1846 3459 ⁸iuvare
1868 3392 2224 3442 Britannicum
2250 3397 2306 3439 et
2345 3391 2480 3439 bene
2518 3392 2725 3451 mereri,

1647 3470 1707 3517 -si
1724 3481 2003 3517 >novercam
2027 3467 2274 3529 ejecisset
2297 3465 2469 3527 dome,
2491 3479 2611 3513 cnm
2628 3478 2721 3515 suo

1668 3546 1897 3595 Nerone.

1729 3622 1801 3668 Et
1822 3625 1967 3668 certe
1993 3623 2101 3666 tum
2141 3617 2195 3666 id
2236 3616 2550 3665 moliebatur
2587 3617 2723 3666 Nar-

1646 3695 1848 3756 -cissus‚
1884 3700 1942 3742 ut
1966 3699 2021 3742 et
2044 3691 2291 3742 Claudius
2313 3691 2444 3753 ipse,
2481 3692 2565 3754 qui
2591 3691 2725 3742 redi-

1664 3770 1860 3821 bat-ad
1887 3782 2113 3818 amorem
2148 3764 2458 3826 Britannici,
2490 3774 2546 3814 et
2581 3766 2728 3815 illum

1665 3846 1764 3896 sibi
1788 3858 2134 3894 successorem
2157 3842 2463 3906 exoptabat,
2484 3842 2727 3893 abdicato

1665 3923 1898 3980 Nerone,
1920 3927 1976 3968 ut
1998 3919 2246 3969 ascititio.
2727 3918 2733 3925 ”

1734 3996 1956 4058 Nullum]
1990 3994 2233 4045 Nondum
2253 4007 2309 4042 se
2332 3992 2464 4042 bene
2485 3994 2728 4044 meritum

1648 4085 1784 4121 -esse
1806 4072 1874 4121 de
1911 4070 2230 4132 Britannico,
2260 4072 2343 4117 scd
2374 4078 2582 4121 novet-cce
2614 4070 2731 4120 inci-

1639 4186 1643 4190 .
1667 4146 1764 4196 diis
1781 4149 1968 4195 domum
1986 4159 2171 4194 ,omnem
2189 4145 2399 4206 convelli,
2437 4145 2520 4195 cui
2542 4146 2733 4196 reineri·

1669 4224 1979 4277 tenendum
1994 4262 1997 4267 .
2011 4223 2117 4274 sibi
2126 4234 2270 4287 esse,
2297 4229 2378 4277 et*-
2389 4237 2526 4287 parer
2558 4223 2731 4279 itm
