3100 4925
494 363 667 438 1370

1208 380 1275 428 0.
1322 379 1519 428 CORN
1533 378 1684 426 nnn
1731 378 1988 427 TAcl'rx

2376 381 2475 451 [At
2494 386 2706 438 um.

577 522 684 588 66.
730 521 811 587 In
838 526 1022 588 tanta
1048 520 1221 587 mole
1250 528 1612 598 curarum?
1643 519 1988 587 Claudiana
2014 524 2389 592 valetudine
2412 527 2702 591 adversa

491 763 498 774 ¹
566 704 736 755 Tantis
755 705 1090 768 ingruentibus
1109 705 1240 757 curis
1265 707 1493 757 Claudius
1519 706 1789 758 Narcissus
1808 704 2100 760 ian-arun
2126 707 2318 772 incidit,
2348 712 2396 757 et
2431 706 2703 757 »Sinuessam

1475 893 1703 952 Nom·

496 1027 598 1077 iilis
619 1025 916 1077 interficere
933 1026 1174 1077 deberet.
1215 1027 1415 1082 flurin
1433 1035 1565 1092 tuae,

495 1111 554 1153 ,et
579 1103 740 1167 putris
763 1104 959 1166 decori,
979 1104 1563 1168 modoinperes,vitam

490 1179 703 1244 §ovabit
724 1181 1046 1244 impendere.

497 1273 525 1290 ·-
566 1258 747 1306 Matris
785 1256 930 1306 dicen
963 1256 1290 1313 interfectores
1324 1258 1565 1306 ulciscere-

493 1333 603 1398 tur]
653 1333 882 1383 Perinde
905 1333 1115 1381 exitium
1143 1334 1406 1393 Narcisso,
1431 1339 1566 1380 uter-

499 1412 579 1460 vis
598 1412 893 1473 imperaret,
920 1412 1059 1458 Nero
1078 1416 1166 1458 aut
1203 1409 1564 1469 Britannicus;

504 1494 737 1535 attamen
776 1487 849 1534 ita
884 1488 942 1534 de
978 1500 1027 1533 se
1071 1486 1292 1534 meritum
1333 1488 1567 1534 Caesnrem

502 1561 653 1622 dicit,
692 1566 742 1609 ut
766 1562 916 1609 vitam
953 1561 1111 1622 illam,
1144 1576 1295 1623 quam
1327 1575 1566 1610 necessa·

505 1636 602 1697 rio,
648 1643 704 1685 et
742 1638 985 1700 quicquid
1026 1637 1247 1699 accidat,
1289 1639 1566 1686 amissurus

505 1718 605 1774 est,
626 1713 732 1761 usui
755 1713 854 1772 eius
888 1714 1023 1762 ultro
1062 1713 1360 1775 impenderet.
1427 1715 1568 1766 Quo-

503 1789 655 1836 modo
700 1794 871 1836 autem
917 1788 1183 1852 impendat
1223 1789 1383 1838 vitam
1429 1789 1569 1837 illam

502 1880 646 1915 suam
670 1879 765 1929 pro
788 1864 1038 1913 Claudio?

571 1945 634 1993 In
659 1952 864 2007 promtu
887 1944 1018 1993 ratio
1040 1949 1137 2006 est,
1158 1957 1344 2006 nempe
1365 1943 1407 1991 si
1427 1942 1570 1991 defe-

506 2029 588 2070 rat
625 2019 982 2083 Agrippinam,
1028 2025 1083 2068 et
1128 2020 1417 2067 adulterum
1457 2017 1569 2080 ejus

503 2096 823 2145 Pallantem.
888 2095 1026 2143 Nam
1047 2094 1139 2153 sic,
1160 2092 1438 2141 deturbato
1463 2093 1570 2141 Ne-

507 2186 656 2233 rone,
679 2170 929 2220 succedet
954 2171 1299 2230 Britannicus,
1323 2169 1411 2232 qui
1435 2169 1574 2218 Nar-

501 2248 692 2297 cissum
728 2246 1030 2307 interficiet,
1070 2255 1254 2308 utpote
1289 2245 1467 2293 matris
1501 2244 1573 2291 in-

504 2320 843 2372 terfectorem
865 2340 877 2371 :
904 2323 995 2371 sed
1017 2322 1092 2371 sic
1110 2328 1278 2370 tamen
1304 2321 1441 2370 illius
1464 2323 1575 2370 vita

501 2398 837 2463 impendetur
862 2414 955 2465 pro
974 2398 1192 2448 Claudio
1214 2399 1441 2458 Caesare,
1455 2397 1577 2461 quia

511 2488 607 2538 pro
643 2477 807 2523 salute
846 2476 981 2523 illius
1020 2484 1075 2523 et
1114 2474 1441 2523 successione
1481 2471 1577 2521 filii

508 2548 871 2614 profundetur.

501 2626 663 2683 ,·Sic
715 2626 872 2688 igitur
926 2626 1128 2688 accipe,
1179 2626 1330 2689 quasi
1376 2625 1578 2675 diceret

513 2701 803 2762 Narcissus,
838 2701 1001 2761 Perii,
1034 2708 1090 2749 et
1125 2700 1285 2750 vitain
1326 2701 1580 2762 amittam,

513 2791 606 2826 seu
628 2776 962 2826 Britannicus
984 2792 1076 2825 seu
1096 2777 1239 2825 Nero
1263 2777 1574 2839 imperaret-2

511 2868 693 2902 verum
717 2853 792 2902 ita
822 2853 888 2901 de
921 2868 1003 2900 me
1038 2853 1247 2901 meritus
1269 2858 1349 2899 est
1382 2854 1577 2912 Caesat,

514 2934 575 2977 ut
591 2928 750 2976 vitam
774 2928 912 2975 iliam
932 2941 1099 2975 meam
1121 2926 1231 2974 usui
1249 2927 1361 2988 ejus
1382 2927 1577 2989 impen-

514 3003 641 3051 dere
664 3003 815 3053 velim
841 3002 995 3051 ultro·

577 3077 700 3127 Jam
740 3076 940 3124 convici
980 3076 1332 3124 Messallinam
1372 3082 1427 3124 et
1466 3077 1581 3124 Sili-

516 3167 624 3213 um,
675 3159 731 3200 et
774 3159 881 3200 tum
934 3152 1090 3200 etiam
1135 3153 1254 3200 vitae
1300 3153 1578 3201 discrimen

509 3229 651 3288 ,ndi13
686 3243 752 3277 en
797 3243 946 3291 pares
986 3229 1171 3277 iterum
1217 3243 1386 3276 causae
1426 3243 1577 3290 accu-

515 3305 666 3355 sandi
708 3303 1046 3367 Agrippinam
1082 3310 1138 3352 et
1161 3305 1486 3363 Pallan‚tem;
1522 3311 1579 3352 et

505 3381 704 3431 „iterum
747 3381 907 3428 instat
950 3382 1073 3430 vitae
1112 3396 1241 3429 meae
1281 3382 1578 3441 discrimen,

505 3456 658 3520 quod
731 3455 957 3504 libenter
1012 3462 1181 3518 tamen
1237 3456 1391 3507 etiam
1445 3470 1578 3503 nunc

518 3532 691 3581 adibo.

569 3594 840 3656 ‘Succedat
857 3606 1210 3666 Britannicus,
1226 3606 1403 3653 matris
1421 3605 1579 3654 etiam

509 3680 883 3732 interfectores
909 3683 1208 3741 ulciscatur,
1241 3690 1295 3728 et
1319 3695 1397 3727 me
1420 3681 1581 3729 etiam

509 3755 835 3813 interficiam
888 3757 1012 3803 nibil
1068 3753 1251 3811 refert,
1306 3755 1580 3803 dummodo

421 3838 442 3861 “
518 3831 678 3880 vitam
703 3832 989 3893 impendam
1015 3845 1106 3893 pro
1130 3831 1355 3889 Caesare,
1396 3832 1477 3878 cui
1504 3840 1581 3879 to-

505 3912 633 3961 2tum
670 3921 752 3954 ine
795 3906 993 3965 debe03
1029 3920 1123 3968 per
1159 3921 1267 3953 eam
1308 3907 1582 3955 dummodo

511 3982 849 4039 ,subvertatur
874 3980 1178 4043 Agrippina,
1203 3981 1397 4038 PallaS‚
1422 3983 1582 4043 Ner0,

511 4065 581 4117 -et
601 4058 766 4107 ceteri
785 4057 973 4105 inimici
998 4056 1214 4104 Caesaris
1238 4056 1582 4119 depellantur.

588 4133 772 4183 Matris
807 4132 952 4182 etiam
987 4131 1330 4195 interfectores]
1380 4131 1462 4180 Ne
1486 4132 1583 4181 hoc

515 4210 740 4275 mireris,
762 4209 883 4261 audi
899 4209 1068 4274 ipsam
1092 4207 1452 4273 Agrippinam,
1466 4212 1584 4274 quae

1641 1033 1844 1092 patrem
1881 1030 2170 1082 Britannici
2202 1032 2487 1095 occiderat,
2523 1030 2705 1080 eadem

1642 1113 1699 1154 et
1737 1107 1851 1168 pari
1873 1120 2026 1155 sensu
2049 1115 2459 1171 expromentem,
2495 1120 2610 1157 cum
2634 1106 2701 1154 de

1644 1183 1916 1234 retinendo
1961 1186 2264 1249 principatu
2309 1194 2365 1235 et
2423 1187 2490 1235 de
2535 1185 2705 1249 gratia

1642 1256 1733 1306 filii
1754 1258 2094 1322 desperasset.

1710 1333 1859 1383 Infra
1894 1336 1927 1382 l.
1968 1348 2096 1386 xiil.
2134 1339 2212 1384 14.
2252 1337 2268 1364 ‘
2295 1336 2544 1398 Praeceps
2583 1323 2708 1398 'pos‘t

1646 1410 1755 1458 liaec
1781 1411 2072 1474 Agrippina
2106 1427 2257 1461 ruere
2280 1412 2345 1460 ad
2377 1418 2628 1460 terrorem
2652 1418 2708 1458 et

1645 1486 1831 1545 minas,
1855 1501 2025 1549 neque
2047 1487 2292 1549 principis
2317 1486 2528 1535 auribus
2550 1485 2707 1533 absti-

1646 1576 1788 1624 nere,
1811 1578 1910 1627 quo
1934 1563 2099 1618 minus
2121 1569 2422 1623 testaretur,
2442 1564 2457 1589 ‘
2476 1561 2708 1609 adultum

1639 1637 1749 1701 jam
1768 1653 1877 1686 esse
1898 1639 2273 1700 Britannicum,
2293 1650 2464 1686 veram
2487 1637 2712 1699 dignam-

1649 1729 1751 1778 que
1792 1716 2008 1777 stirpem
2050 1715 2377 1778 suscipiendo
2417 1716 2584 1777 patris
2622 1714 2712 1762 ima

1647 1791 1813 1854 perio,
1835 1791 1973 1855 quod
1997 1792 2184 1841 insitus
2211 1789 2409 1856 (Nero)
2431 1798 2487 1839 et
2511 1790 2712 1854 adopti-

1648 1866 1766 1924 tius,
1802 1880 1898 1927 per
1935 1866 2148 1929 injurias
2185 1866 2360 1916 matris
2400 1864 2711 1926 exerceret,'

1648 1944 1746 1990 stc.
1769 1943 1784 1969 ⁴
1815 1940 1875 1989 Id
1908 1942 2068 1989 solum
2094 1941 2212 1990 Diis
2233 1948 2288 1989 et
2310 1941 2407 1990 sibi
2431 1941 2717 2004 provisum,

1650 2016 1790 2080 quod
1808 2016 2007 2065 viveret
2029 2016 2313 2080 privignus.
2382 2017 2579 2066 Itur-ani
2597 2032 2714 2067 cum

1649 2090 1738 2139 illo
1762 2090 1813 2140 in
1837 2090 2043 2148 castra‚’

1717 2168 1787 2215 Et
1808 2165 1946 2215 infra
1968 2182 2017 2216 c.
2043 2173 2122 2218 17.
2158 2168 2246 2218 ubi
2267 2168 2334 2216 de
2355 2182 2485 2218 nece
2507 2168 2718 2218 Britan-

1655 2242 1789 2291 nici:
1822 2244 1837 2269 ‘
1864 2245 1937 2291 Ea
1981 2245 2330 2294 consternatio
2372 2243 2575 2305 mentis,
2615 2249 2717 2294 &c-

1656 2318 1897 2367 emicuit'
1935 2324 1994 2367 ut
2016 2320 2247 2383 ignaram
2283 2319 2442 2374 fuisse
2473 2321 2720 2370 const-ite-

1657 2395 1748 2456 rit‚
1768 2397 1783 2424 ⁶
1809 2397 2004 2461 quippe
2034 2397 2130 2446 sibi
2153 2412 2447 2461 supremum
2470 2398 2716 2447 auxilium

1659 2483 1919 2534 ereptum,
1937 2477 2038 2525 ὅτε.
2061 2474 2390 2536 intelligebat
2404 2474 2437 2526 ι’
2471 2474 2716 2539 quicquid

1654 2547 1998 2609 contingeret,
2021 2563 2135 2598 eum
2161 2550 2334 2599 vivere
2367 2556 2423 2599 et
2462 2549 2720 2600 vindicari

1656 2622 1920 2684 cupiebat.

1721 2702 1747 2736 Ρ
1782 2697 1844 2745 Iu
1876 2703 2012 2746 tanta
2048 2701 2165 2748 mole
2184 2700 2426 2761 cut-amm]
2480 2700 2545 2748 Iu
2567 2706 2719 2749 tantu

1656 2773 1791 2821 mole
1822 2788 2061 2822 curarum
2094 2790 2193 2824 non
2214 2777 2481 2836 Claudius,
2518 2777 2608 2825 sed
2632 2790 2723 2839 po·

1659 2847 1761 2895 tius
1784 2847 1989 2897 Claudii
2012 2850 2200 2898 vindex
2222 2859 2280 2899 et
2313 2851 2594 2900 aceri-imns
2628 2850 2720 2901 de.-

1655 2921 1827 2971 fensor
1876 2924 2167 2987 Narcissus,
2220 2927 2486 2975 valetudine
2524 2928 2723 2975 adrem

1656 3000 1928 3061 corripitur.
1998 3001 2066 3048 Et
2083 3001 2373 3049 Sinuessam
2398 3001 2586 3064 pergit.
2698 3048 2704 3053 .

1730 3074 1849 3122 Tum
1893 3075 2165 3138 Agrippina
2203 3077 2388 3125 sceleris
2424 3077 2535 3126 olim
2573 3082 2721 3141 certa,

1660 3155 1716 3196 et
1748 3147 2041 3210 inspectore
2078 3150 2314 3212 liberata,
2349 3153 2530 3215 sicque
2551 3152 2719 3203 oblata

1656 3223 1923 3284 occasionis,
1958 3239 2061 3287 qua
2083 3225 2345 3277 occideret
2385 3242 2563 3289 parum
2606 3241 2722 3291 pro,-

1660 3298 1924 3347 videntem
1964 3299 2252 3362 Claudium,
2284 3316 2486 3365 propera
2518 3301 2719 3354 facinus

1658 3379 1900 3422 maturat.
2570 3420 2579 3425 .

1723 3453 1790 3501 Et
1814 3459 1989 3513 posset
2008 3452 2111 3501 dici
2130 3455 2194 3501 de
2216 3451 2423 3502 faemina
2442 3455 2559 3515 hac,
2582 3455 2724 3518 qnod

1661 3542 1816 3589 supra
1854 3528 2009 3575 habet
2049 3530 2169 3578 Tac.
2191 3545 2240 3578 c.
2262 3533 2342 3577 46.
2382 3530 2448 3577 de
2482 3530 2721 3581 Pollione

1662 3602 1944 3665 praefecto:
1971 3607 1985 3631 ‘
2007 3604 2251 3666 Digressu
2271 3606 2604 3675 centurionis,
2620 3606 2725 3657 ve}-

1650 3685 1720 3729 ut
1743 3678 1955 3725 custode
1997 3681 2258 3728 exsolutus
2284 3678 2600 3742 praefecttis,’
2623 3681 2724 3732 cri-

1663 3766 1778 3799 men
1820 3750 2050 3813 perfidiae
2092 3754 2299 3801 niolitus
2341 3762 2441 3803 est.
2537 3757 2622 3806 Ita
2664 3761 2722 3806 et

1663 3827 1974 3890 Agrippina,
2004 3828 2248 3877 Narcisso
2281 3829 2476 3877 domini
2506 3830 2726 3881 custode

1653 3904 2050 3966 ‚vigilantissimo
2091 3907 2346 3966 exsoluta,
2389 3910 2564 3956 statim
2605 3906 2730 3958 faci·

1666 3997 1758 4030 nus
1784 3997 1902 4029 ausa
1925 3988 2020 4030 est.
2650 4030 2656 4039 .
2702 4028 2707 4035 .

1732 4059 1790 4105 ln
1809 4061 1945 4105 tanta
1962 4058 2078 4105 mole
2099 4073 2335 4121 curarum,
2349 4058 2596 4122 Claudius]
2625 4060 2726 4109 Ce-

1664 4137 1778 4180 tera
1823 4132 2093 4194 quadrant,
2128 4134 2287 4182 etiam
2324 4135 2367 4183 si
2411 4135 2621 4184 abesset
2660 4148 2726 4187 en

1664 4223 1782 4273 volt,
1841 4209 2091 4285 Clnudiuq,
2139 4208 2361 4277 ideoque
2402 4211 2528 4267 mihi
2570 4211 2723 4267 vuldfi
