3100 4925
450 409 511 464 J.
540 410 606 463 e.
625 407 743 481 ⁵⁵3
776 398 786 404 '

1164 399 1574 456 Anxanum
1624 399 1769 456 ιιιι.
1814 397 1969 457 xli»

2475 391 2652 460 13⁶5

1439 557 1490 606 N
1496 555 1653 606 OTAE

456 653 793 720 concubinum
814 652 1103 704 Atimetum
1135 659 1191 703 et
1214 652 1511 704 histrionem

456 730 718 790 Paridem,
755 729 900 795 quasi
936 744 1104 785 scena).
1142 728 1342 780 fabulas
1377 744 1510 780 com·

453 804 645 869 ponitz'
677 805 830 855 etiam
852 803 1220 855 adulteriorum
1240 810 1295 854 et
1324 804 1511 856 incesti

454 894 544 930 rea
562 880 794 931 Domitia
832 894 949 930 cum
988 877 1172 945 fratre,
1208 887 1346 930 teste
1386 882 1510 930 Sue·

453 963 562 1008 ton.
1240 998 1252 1011 .

514 1029 682 1081 Addit
723 1035 778 1080 et
819 1045 929 1081 rem
972 1030 1190 1080 similem
1236 1031 1509 1096 utrobique

449 1106 696 1156 Tacitus:
729 1121 847 1169 pam
869 1119 971 1155 111.
993 1110 1075 1154 66.
1107 1114 1378 1160 accusatur
1400 1108 1509 1156 Do-

448 1180 597 1234 mitia
641 1182 814 1231 multis
857 1180 1173 1245 criminibus,
1223 1183 1241 1210 ‘
1266 1182 1508 1247 quodque

441 1271 632 1332 parum
650 1257 891 1309 coercitis
911 1271 1006 1320 per
1028 1256 1312 1306 Calabriam
1335 1271 1507 1308 servo·

449 1346 565 1382 rum
594 1332 901 1397 agminibus,
933 1346 1116 1396 pacem
1140 1332 1307 1382 Italioe
1330 1332 1504 1383 turba-

448 1407 569 1458 ret!
652 1410 725 1459 Et
765 1408 930 1458 simile
974 1408 1097 1474 qnid
1139 1408 1332 1471 repetit
1372 1405 1502 1460 Tac.

446 1475 571 1537 nir.
606 1489 690 1535 21.
724 1484 994 1533 ‘Baiarum
1037 1498 1241 1534 suarum
1279 1484 1499 1548 piscinas

447 1559 752 1624 excolebat,’
773 1564 873 1610 &c.
937 1558 993 1608 si
1015 1560 1258 1609 Baiarum
1278 1560 1500 1622 piscinas

443 1630 684 1698 ornabat,
711 1649 878 1700 neque
899 1636 989 1685 illa
1011 1634 1211 1698 praedia
1243 1634 1499 1685 Calabriae

443 1713 742 1776 negligebat
763 1713 895 1776 ipsa,
915 1716 1051 1762 teste
1071 1711 1248 1762 Dione
1270 1711 1306 1759 l.
1323 1723 1435 1761 ιιι.

509 1788 750 1851 Domitia]
811 1788 965 1836 Teste
996 1788 1210 1837 Sueton.
1249 1787 1379 1836 Ner.
1400 1799 1502 1836 vn.

442 1863 701 1915 ‘Amitam
722 1865 874 1914 etiam
912 1863 1157 1927 Lepidam
1193 1876 1334 1911 ream
1356 1862 1504 1911 testi-

440 1940 612 1991 monio
633 1955 802 1989 coram
839 1938 1041 2003 afflixit,
1066 1937 1362 2003 gratificans
1395 1953 1504 1988 ma-

444 2012 530 2079 tri,
568 2029 601 2064 a
634 2030 738 2080 qua
777 2029 866 2065 rea
906 2013 1273 2079 premebatur.’
1337 2013 1499 2075 Nota,

440 2087 541 2140 hoc
576 2090 692 2140 loco
729 2105 832 2140 non
870 2090 998 2141 dicit
1030 2088 1323 2152 Suetonius,
1344 2089 1498 2151 Lepi-

442 2163 562 2216 dam
579 2166 803 2218 occisam
820 2163 992 2227 fuisse,
1005 2164 1097 2214 sed
1121 2170 1321 2213 tantum
1338 2161 1497 2213 afflic-

439 2242 862 2307 tambtestimonio
883 2242 1140 2301 Neronis3
1174 2246 1235 2289 ut
1263 2245 1319 2288 et
1350 2240 1497 2289 Taci-

440 2325 546 2379 tus,
577 2318 666 2382 qui
697 2318 828 2367 dicit
847 2322 1064 2366 mortem
1098 2314 1149 2364 ei
1177 2321 1298 2368 &esse
1332 2312 1494 2364 indic-

439 2398 559 2456 tam,
579 2392 705 2442 nihil
721 2401 996 2458 praeterea.

500 2467 675 2518 Etiam
729 2459 980 2518 ‘Suetonio
1048 2466 1242 2517 Neron.
1295 2469 1378 2516 84.
1430 2464 1494 2516 fit

437 2544 629 2594 mentio
662 2544 890 2608 ejusdem
921 2543 1134 2607 Lepide,
1155 2557 1308 2608 quam
1341 2541 1357 2571 ⁸
1375 2557 1491 2593 cum

435 2631 504 2668 ex
542 2619 734 2669 duritia
768 2619 873 2683 alvi
915 2618 1191 2668 cubantem
1227 2617 1495 2680 visitaret,'

434 2694 525 2745 ille
592 2695 883 2759 ‘praecepit
923 2693 1157 2757 medicis,
1197 2701 1258 2743 ut
1298 2694 1490 2757 largius

436 2777 721 2835 purgarent
741 2770 977 2834 aegram3’
1009 2770 1186 2834 sicque
1206 2768 1415 2830 occidit,
1434 2776 1492 2820 et

435 2850 614 2897 statim
647 2845 910 2897 defunctae
946 2846 1083 2896 bona
1110 2844 1330 2894 invasit:
1364 2858 1490 2908 ergo

435 2936 538 2972 nou
571 2922 742 2973 occisa
760 2920 880 2983 fuit,
902 2921 1002 2970 nisi
1030 2920 1127 2970 snb
1148 2919 1303 2971 finem
1324 2920 1491 2970 Nero-

434 2998 531 3053 nis.
595 2996 740 3047 Alias
778 2996 1093 3062 distinguere
1136 2996 1334 3061 debuit,
1373 3003 1493 3046 utra

434 3074 584 3123 amita
604 3079 756 3123 esset.

497 3146 726 3198 Afferam
744 3152 1096 3212 argumentum
1110 3147 1492 3210 validissimum,

434 3239 535 3290 quo
557 3226 829 3289 constabit,
849 3240 950 3275 non
971 3238 1084 3273 esse
1108 3230 1231 3272 tunc
1264 3225 1489 3273 occisam

436 3300 686 3366 Lepidam
723 3302 837 3352 loco
879 3301 1042 3351 citato
1082 3299 1319 3349 Suetonii
1356 3298 1487 3349 Ner.

432 3380 483 3427 7.
528 3383 588 3427 ut
620 3391 718 3427 uec
751 3379 865 3427 loco
902 3376 1000 3426 hoc
1053 3374 1222 3424 Taciti
1254 3386 1360 3423 ιιι.
1404 3377 1488 3424 64.

415 3448 724 3523 ‘Suetonium
754 3453 854 3502 hoc
894 3465 1011 3515 cap.
1055 3451 1183 3500 Ner.
1215 3454 1264 3499 7.
1311 3455 1491 3499 narrat

433 3538 633 3582 tantum
656 3531 868 3581 crudele
889 3530 1149 3595 ingenium
1174 3526 1416 3590 Neronis,
1435 3533 1490 3576 et

431 3607 681 3672 puerilem
731 3606 983 3657 saevitiam
1037 3604 1215 3668 ipsius,
1260 3602 1485 3652 nondum

431 3685 708 3748 parricidIa
744 3684 859 3749 ejus
894 3682 1082 3733 tradit:
1134 3694 1266 3745 puer
1301 3695 1487 3745 nempe

430 3761 576 3813 Nero
597 3762 953 3813 Britannicum
982 3760 1154 3825 arguit
1187 3764 1243 3809 et
1272 3765 1486 3809 accusat

430 3838 570 3901 apud
614 3845 837 3904 patrem,
878 3845 936 3888 ut
980 3835 1331 3896 subditivum;
1387 3848 1485 3884 nec

428 3915 555 3979 tunc
621 3921 791 3964 tamen
843 3906 1049 3975 ,occidit
1113 3911 1484 3963 Britannicum.

429 3986 821 4041 ‘Britannicum
844 3987 1076 4052 fratrem,
1108 3986 1246 4053 quod
1279 4001 1335 4036 se
1367 3992 1484 4050 post

424 4063 757 4135 adoptionem
789 4065 1139 4116 AEnobarbum
1177 4078 1243 4112 ex
1273 4075 1485 4111 consue-

422 4136 605 4202 tudine
622 4136 917 4203 salutasset,
933 4147 992 4189 ut
1008 4137 1321 4189 subditivum
1343 4136 1483 4202 apud

428 4218 632 4279 patrem
652 4225 869 4281 arguere
889 4208 1105 4268 conatus
1119 4220 1219 4264 est.
1257 4210 1481 4264 Amitam

1589 653 1747 702 etiam
1776 651 2027 717 Lepidam
2061 668 2201 704 ream
2233 653 2528 704 testimonio
2560 669 2645 707 co·

1589 744 1698 779 ram
1739 727 1956 790 afflixit‚’
2006 734 2103 780 διο.
2189 730 2376 795 Itaque
2420 731 2643 783 nondum

1588 805 1817 855 adultam
1854 805 2107 856 saevitiam
2130 806 2354 855 Neronis
2392 805 2644 858 describit

1587 880 1881 931 Suetonius.

1654 957 1838 1021 Neque
1867 957 2018 1007 etiam
2041 956 2209 1007 adbuc
2225 964 2334 1007 tum
2357 957 2532 1008 adulta
2553 973 2661 1024 po·-

1583 1033 1747 1082 teutia
1769 1038 1859 1082 aut
1892 1032 2094 1083 saevitia
2117 1033 2275 1097 ipsius
2298 1032 2638 1097 Agrippinae;

1582 1110 1706 1175 qnia
1733 1110 1959 1174 noudum
1981 1124 2165 1159 secura
2180 1110 2384 1174 imperii
2405 1117 2462 1160 et
2474 1111 2638 1161 scele-

1583 1199 1716 1247 rnm,
1740 1185 1964 1235 nondum
1985 1184 2120 1234 filius
2139 1184 2298 1248 ipsius
2323 1185 2462 1234 Nero
2483 1186 2644 1249 impe·

1584 1259 1754 1310 rabat.
1834 1261 2011 1312 Quare
2053 1265 2109 1309 et
2146 1259 2346 1310 facilius
2387 1260 2643 1313 deterrita

1583 1342 1665 1383 est
1701 1351 1733 1384 a
1769 1336 1860 1385 tali
1884 1334 2134 1398 facinore,
2170 1337 2484 1386 auctoritate
2506 1337 2640 1392 Nar-

1579 1408 1718 1472 cissi,
1759 1411 1848 1475 qni
1900 1411 2241 1475 praepollebat
2294 1411 2432 1475 apud
2487 1412 2640 1463 Clau·

1579 1484 1740 1538 dium.

1643 1561 1817 1625 Igitur
1838 1562 2267 1626 quemadmodum
2288 1577 2391 1613 non
2409 1568 2491 1613 est
2513 1570 2639 1615 tunc

1580 1636 1852 1687 abdicatus
1897 1639 2246 1700 Britannicus,
2299 1639 2391 1688 sed
2438 1647 2639 1692 tantum

1581 1718 1876 1775 accusatus;
1909 1715 1985 1764 ita
2010 1721 2067 1765 et
2087 1714 2287 1778 Lepida
2311 1721 2509 1766 tautum
2532 1721 2639 1766 tes·

1581 1787 1796 1838 timonio
1820 1790 1870 1839 N
1873 1790 2041 1839 eronis
2064 1788 2275 1853 afflicta,
2296 1796 2352 1839 et
2374 1804 2508 1848 mors
2537 1791 2638 1855 ipsi

1581 1871 1782 1914 tantum
1801 1865 2000 1930 indicta,
2020 1880 2120 1915 non
2141 1866 2287 1915 illata
2309 1872 2416 1926 est3
2438 1873 2496 1916 et
2515 1881 2637 1917 con-

1578 1945 1858 2006 sequenter
1893 1955 1994 1991 una
2036 1946 2094 1991 et
2129 1941 2311 1991 eadem
2351 1944 2500 1992 anuto
2539 1949 2637 2006 est,

1577 2029 1694 2079 quae
1731 2022 1992 2079 superstes
2028 2015 2159 2065 vivit
2190 2016 2327 2080 apud
2357 2018 2481 2067 Tac.
2505 2030 2632 2066 xm.

1575 2094 1657 2140 19.
1677 2093 1759 2141 2⁰.
1781 2095 1880 2154 21„
1911 2097 1966 2140 et
1999 2106 2116 2157 quae
2153 2091 2291 2155 perit
2323 2092 2463 2156 apud
2484 2092 2634 2143 Suet.

1574 2165 1787 2215 Nerone
1821 2169 1903 2215 34.
1963 2172 2018 2216 et
2074 2166 2213 2230 apud
2266 2167 2490 2217 Dionem
2541 2167 2634 2217 lib.

1574 2253 1704 2303 mn„
1727 2255 1842 2290 cum
1866 2241 1968 2290 ista
1994 2242 2091 2290 hac
2129 2242 2324 2305 Lepida
2346 2243 2505 2291 amita
2525 2242 2632 2292 Ne·

1574 2314 1731 2378 ronis,
1756 2329 1870 2379 quae
1892 2314 1977 2365 liic
1995 2315 2287 2365 testimonio
2308 2316 2418 2380 ejus
2439 2314 2635 2368 afflicta

1575 2396 1675 2440 est.

1639 2465 1808 2530 Igitur
1826 2480 1997 2531 neque
2026 2465 2301 2516 Suetonius
2337 2465 2436 2516 hoc
2464 2466 2632 2531 primo

1572 2534 1690 2594 loco
1726 2542 1858 2599 Ner.
1893 2547 1946 2593 7.
1985 2543 2076 2594 ubi
2129 2542 2243 2608 agit
2291 2543 2359 2592 de
2409 2543 2631 2608 Lepida,

1571 2618 1685 2686 (qui
1705 2620 1849 2669 locus
1869 2619 2150 2683 respondet
2168 2619 2290 2669 huic
2321 2626 2495 2670 nostro
2513 2621 2632 2672 ioco

1572 2693 1745 2744 Taciti
1778 2707 1880 2743 ιιι.
1900 2696 1982 2743 64.
2022 2698 2085 2742 ut
2121 2698 2178 2743 et
2213 2695 2449 2757 tempori,
2489 2695 2628 2758 quod

1570 2769 1763 2820 ibidem
1783 2768 2035 2818 describit
2052 2768 2304 2832 Tacitus,)
2325 2770 2454 2819 dicit
2472 2770 2627 2834 Lepi-

1571 2845 1689 2896 dam
1726 2843 1889 2895 fuisse
1926 2842 2272 2907 interfectam,
2303 2845 2393 2894 sed
2426 2850 2628 2895 tantum

1571 2919 1834 2980 afflictam,
1858 2918 2150 2968 testimonio
2171 2918 2410 2969 Neronis.

1636 2997 1822 3061 Neque
1844 2995 2003 3045 etiam
2023 2994 2150 3058 Dio,
2190 2993 2278 3058 qui
2313 2993 2473 3043 altum
2505 2992 2626 3045 silet

1570 3072 1637 3123 de
1659 3072 1893 3123 Domitia
1913 3071 2014 3122 hoc
2034 3070 2261 3121 historiae
2282 3070 2397 3119 loco
2420 3075 2476 3120 et
2498 3076 2627 3123 tem·

1569 3147 1714 3213 pore,
1758 3154 1814 3199 et
1855 3154 2057 3198 tantum
2099 3147 2327 3212 loquitur
2373 3147 2441 3197 de
2494 3146 2628 3211 ipsa,

1568 3240 1685 3274 cum
1738 3239 1926 3289 nempe
1976 3221 2252 3272 interfecta
2315 3237 2348 3271 a
2413 3223 2623 3273 Nerone

1569 3300 1843 3365 pharmaco
1852 3313 1949 3353 seu
1971 3310 2168 3348 veneno
2185 3304 2283 3361 est,
2302 3309 2421 3361 post
2441 3311 2624 3350 necem
2653 3332 2658 3335 ἡ

1564 3374 1885 3438 Agrippinae.

1631 3451 1774 3512 Ergo
1810 3447 2046 3497 similiter
2082 3446 2239 3497 etiam
2275 3447 2502 3507 Tacitus,
2522 3446 2622 3496 hoc

1567 3527 1684 3576 loco
1721 3537 1823 3573 ιιι.
1857 3527 1940 3572 64.
1984 3522 2113 3572 dicit
2154 3529 2356 3572 tantum
2393 3522 2625 3574 indictam

1565 3606 1765 3652 mortem
1785 3599 2001 3664 Lepidae
2036 3597 2213 3661 fuisse,
2242 3613 2344 3646 nou
2367 3612 2491 3648 vero
2510 3597 2623 3648 illa-

1566 3683 1706 3737 tam;
1742 3675 1877 3740 quia,
1904 3678 1964 3722 ut
1992 3673 2182 3737 inquit,
2204 3671 2417 3724 multum
2441 3671 2624 3723 adver-

1567 3753 1782 3802 sabatur
1815 3740 2109 3812 Narcissus,
2129 3749 2216 3813 qui
2251 3749 2303 3797 in
2336 3748 2498 3812 gratia
2529 3746 2621 3799 fla·

1566 3829 1758 3895 granti,
1780 3835 1837 3878 et
1871 3827 2108 3876 dominus
2142 3826 2333 3877 domini
2355 3824 2488 3887 fuit3
2520 3826 2621 3876 sic-

1566 3920 1666 3972 que
1685 3918 1806 3968 rege
1825 3911 1880 3953 et
1901 3904 2080 3966 regina
2098 3902 2210 3966 ipsa
2226 3903 2502 3967 potentior.
2652 3966 2661 3975 ι

1628 3980 1830 4029 Perdita
1842 3979 1980 4043 prius
1999 3978 2241 4041 Domitia]
2273 3980 2321 4028 N
2326 3994 2392 4028 on
2410 3978 2618 4041 aliunde

1521 4078 1528 4085 ·
1564 4055 1785 4119 probare
1824 4055 1989 4129 porgit
2026 4054 2252 4117 Lipsius,
2289 4054 2413 4102 duas
2456 4050 2641 4105 fuisse*

1563 4134 1743 4184 amitas
1780 4132 2023 4193 Neronis,
2043 4131 2169 4181 duas
2202 4129 2361 4191 fuisse
2397 4127 2620 4192 Lepidus,

1561 4222 1650 4260 seu
1672 4208 1930 4273 Domina,
1961 4204 2047 4258 vel
2084 4207 2298 4257 alteram
2334 4203 2633 4268 Donatius,
