3100 4925
385 448 439 498 J.
465 447 526 497 c.
549 445 658 510 ει]
689 449 708 510 ’ς

1074 439 1490 492 &NNAMUM
1541 439 1691 491 mn.
1739 437 1917 492 x‘ul.

2414 427 2586 498 1517

1352 580 1589 651 ,noras
1655 590 1660 596 ’

452 712 553 761 Per
573 726 793 775 mensam,
813 727 929 761 cum
966 712 1223 762 libertatis
1256 713 1441 763 dandae

388 786 573 851 gratia,
594 786 662 835 ad
706 802 853 836 sacra
889 802 1080 837 mensae
1118 787 1173 837 in
1205 789 1444 838 convivio

389 861 621 910 dominus
641 876 843 916 servum
867 862 1088 912 admisit.
1166 925 1171 930 ι

453 938 588 986 Inter
608 937 797 999 amicos,
818 951 933 985 cum
973 936 1149 986 amicis
1176 936 1441 1001 praesenti·

386 1012 484 1061 bus
518 1027 724 1062 servum
754 1013 988 1062 dominus
1017 1027 1048 1062 e
1086 1019 1347 1077 potestate
1385 1013 1443 1062 li-

379 1087 612 1139 beravit.

393 1207 400 1214 .
447 1166 550 1215 Per
584 1165 846 1228 epistolam,
879 1180 996 1218 cum
1040 1164 1205 1216 literis
1234 1167 1299 1216 ad
1336 1181 1442 1216 ser·

387 1256 505 1290 vum
542 1241 769 1306 scriptis,
791 1242 954 1291 libero
999 1241 1187 1291 vivere·
1211 1242 1442 1291 dominus

386 1315 461 1366 illi
486 1317 735 1380 permisit.

385 1439 396 1452 .
452 1394 599 1442 Modo
618 1393 831 1455 legitimo
853 1395 1163 1443 manumissus
1200 1394 1441 1456 majorem

383 1469 677 1520 libertatem
728 1476 782 1517 et
843 1470 1043 1532 justam
1096 1469 1442 1533 apiscebatur,

383 1545 586 1606 civisque
625 1544 864 1593 Romanus
896 1542 1072 1605 fiebat,
1094 1544 1138 1592 si
1172 1543 1340 1593 omnia
1374 1545 1444 1592 le-

385 1620 567 1686 gitima
596 1617 789 1679 forent,
829 1627 955 1668 aetas
982 1620 1182 1670 scilicet
1210 1621 1365 1680 servi,
1388 1625 1443 1668 et

384 1694 663 1745 dominium
707 1695 816 1757 ejus
883 1694 967 1759 qui
1021 1695 1438 1744 manumitteret:

383 1771 529 1837 isque
562 1772 702 1821 nitllo
738 1772 861 1834 jure
899 1776 1109 1833 poterat
1153 1770 1347 1819 retrahi
1389 1771 1440 1817 in

383 1846 707 1897 servitutem.
775 1846 929 1898 Quod
957 1847 998 1895 si
1022 1847 1191 1896 omnia
1214 1845 1442 1909 legitima

384 1936 487 1972 non
526 1923 915 1986 intervenirent,
962 1922 1165 1972 Latinam
1201 1922 1442 1972 Juniam

382 1999 544 2050 fiebat
565 2000 915 2050 manumissus.

450 2075 676 2126 Naturali
718 2090 920 2140 quoque
974 2076 1107 2125 modo
1145 2074 1441 2126 libertatem

386 2143 633 2204 minorem
672 2151 911 2214 adeptus,
950 2152 1045 2200 nisi
1101 2151 1226 2199 alias
1273 2163 1442 2214 poenae

385 2233 541 2278 causa
577 2229 796 2284 vinctus,
838 2228 905 2276 ob
942 2241 1125 2276 noxam
1162 2232 1346 2289 tortus,
1387 2233 1445 2276 et

385 2302 663 2364 confessus,
703 2304 835 2352 notis
878 2310 1234 2365 compunctus,
1272 2311 1441 2352 custo-

388 2380 508 2439 ὥτε,
555 2380 796 2431 bestiisve
841 2379 1076 2442 objectus
1116 2377 1317 2439 fuisset,
1354 2380 1440 2443 qui

383 2455 729 2509 Dedititiorum
749 2470 958 2504 numero
985 2461 1185 2504 tantum
1209 2453 1335 2503 liber
1357 2454 1443 2503 ha-

386 2530 499 2581 beri
537 2531 725 2594 potuit,
766 2531 971 2581 Latinus
1010 2529 1234 2583 libertus,
1264 2528 1444 2592 fiebat,

387 2607 684 2657 auctoribus
726 2606 871 2667 Caio,
917 2604 1157 2667 Ulpiano,
1189 2612 1243 2655 et
1286 2606 1460 2671 'ruem

388 2684 531 2748 philo
553 2684 606 2732 in
627 2681 1053 2732 institutionibus.
1241 2713 1246 2717 -
1409 2688 1442 2717 ν

450 2759 585 2809 Sane
616 2760 680 2808 de
701 2758 893 2808 Latinis
922 2756 1122 2817 libertis,
1145 2756 1220 2806 ait
1254 2755 1446 2807 Corne-

387 2838 504 2902 lius,
541 2840 780 2889 relictum
819 2837 1141 2901 poenitentiae
1182 2842 1272 2885 ant
1310 2851 1446 2886 novo

387 2914 641 2965 beneficio
662 2916 849 2963 locum.
914 2911 1175 2975 Siquidem
1196 2911 1441 2963 libertate

386 2990 583 3049 donati,
626 2988 866 3053 quamdiu
920 2988 1153 3034 viverent
1204 2993 1259 3035 et
1309 2987 1446 3041 servi

389 3066 811 3121 manumissorum
851 3061 1083 3110 morituri
1119 3061 1286 3117 adbuc
1321 3062 1443 3118 rin,-

387 3143 502 3191 cnio
526 3140 791 3190 servitutis
814 3137 1183 3187 attinebantur.

453 3217 683 3281 Ideoque
736 3216 907 3279 potuit
963 3213 1312 3274 manumissor,
1354 3221 1447 3264 aut

387 3307 565 3344 manus
602 3291 883 3355 injectione
926 3289 979 3338 in
1024 3288 1346 3352 servitutem,
1379 3304 1447 3339 ex

386 3385 544 3420 causa
586 3369 670 3418 vel
708 3368 981 3424 levissima,
1026 3379 1311 3425 revocare3
1356 3373 1448 3416 ant

386 3450 576 3496 n'ovum
616 3444 920 3494 beneficium
960 3439 1225 3491 conferre:
1262 3441 1313 3490 id
1347 3448 1449 3504 est,

387 3525 662 3575 iteratione
701 3521 1110 3574 manumissionis
1144 3522 1308 3571 civem
1331 3522 1442 3570 ‘Ro-

389 3615 595 3651 manum
617 3598 813 3649 facere.

451 3677 539 3724 Sic
574 3676 980 3738 enim.scripsit:
1019 3679 1035 3702 ⁸
1063 3672 1349 3725 Iteratione
1383 3672 1446 3724 fit

390 3752 517 3801 civis
536 3753 813 3814 Romanus,
833 3751 919 3816 qui
944 3756 1064 3814 post
1087 3748 1447 3810 Latinitatem,

392 3842 542 3892 qnam
563 3834 857 3889 acceperat,
874 3828 1037 3890 major
1060 3826 1276 3887 triginta
1293 3839 1445 3873 anno-

391 3918 504 3953 rum
527 3903 712 3951 iterum
736 3903 882 3968 juste
915 3900 1248 3956 manumissus
1275 3906 1357 3955 est
1379 3900 1445 3948 ab

392 3993 470 4027 eo.
494 3977 641 4041 cujus
679 3991 745 4028 ex
782 3977 904 4039 jure
948 3975 1445 4031 Quiritium‘servus

388 4044 524 4105 fnit:
577 4053 709 4103 Haec
729 4067 795 4103 ex
818 4052 943 4115 jure
962 4052 1173 4121 antiquo
1196 4057 1444 4111 annotare

387 4128 559 4180 libuit.
631 4127 927 4191 Yertranius.
1291 4176 1298 4181 .

455 4204 593 4253 Duas
621 4203 818 4267 species]
872 4203 1026 4253 Dixit
1067 4202 1295 4265 Tacitus,
1330 4203 1448 4257 dms

388 4282 562 4346 species
581 4280 1006 4346 manumissionis,
1027 4280 1111 4331 vel
1132 4279 1250 4344 quia
1271 4293 1445 4329 manu·

1523 710 1696 761 missio
1711 727 1802 776 per
1822 715 2167 774 testamentum,
2185 710 2253 763 ad
2279 712 2584 765 alterutram

1525 789 1741 837 aliarum
1796 788 2085 851 specierum
2150 787 2329 837 reduci
2383 796 2584 853 potest,

1523 877 1709 926 nempe
1740 864 1805 913 ad
1841 878 2042 924 censum,
2063 870 2155 912 aut
2175 865 2429 913 vindictam
2440 882 2460 923 ;
2497 866 2588 916 vel

1523 937 1701 987 allusit
1739 938 1804 986 ad
1845 939 1969 987 duas
2000 938 2113 986 illas
2147 939 2365 1000 species,
2385 940 2450 988 de
2473 941 2585 1005 qui-

1521 1013 1619 1063 bus
1637 1029 1812 1077 supra,
1835 1029 2022 1076 nempe
2064 1015 2328 1075 legitimans
2358 1022 2416 1065 et
2444 1021 2584 1066 natu·

1518 1092 1684 1141 ratem.
1774 1092 2032 1153 Legitima,
2076 1105 2191 1154 quie
2246 1105 2428 1154 censu,
2474 1091 2586 1141 vin·

1521 1166 1678 1229 dicta,
1715 1177 1807 1217 aut
1854 1173 2164 1217 testamento
2207 1165 2298 1228 fit3
2351 1167 2587 1217 naturalis

1523 1249 1623 1303 est,
1652 1258 1766 1308 quae
1806 1244 1941 1292 inter
1974 1243 2184 1305 amicos,
2209 1257 2303 1306 per
2335 1257 2583 1309 mensam,

1522 1324 1615 1366 aut
1638 1333 1734 1382 per
1755 1319 2030 1381 epistolam
2054 1319 2132 1371 fit.

1590 1395 1666 1443 Ut
1701 1395 1923 1456 videtur,
1944 1395 2189 1458 intelligit
2227 1395 2354 1445 duas
2381 1396 2583 1460 species

1523 1471 1950 1532 manumissionis,
1986 1485 2171 1535 nempe
2201 1485 2317 1520 eam
2355 1486 2463 1535 qua
2498 1472 2585 1522 da-

1524 1554 1665 1594 retur
1696 1547 1842 1610 justa
1876 1561 1965 1595 seu
2002 1547 2167 1609 major
2199 1546 2432 1611 libertas,
2466 1562 2582 1598 cum

1524 1622 1727 1672 scilicet
1764 1622 1992 1672 vindicta
2033 1628 2279 1685 patronus
2299 1623 2586 1686 {libet-aret,

1523 1705 1581 1747 et
1616 1697 1812 1746 retrahi
1851 1697 1904 1746 in
1950 1696 2217 1745 servitium
2253 1712 2357 1746 non
2391 1699 2584 1762 potuit,

1523 1776 1611 1839 qui
1628 1775 1705 1825 sic
1722 1774 2061 1823 manumissus
2081 1773 2251 1835 foret;
2283 1781 2339 1823 et
2363 1775 2462 1824 alia
2477 1791 2584 1841 qua

1520 1850 1688 1898 minor
1719 1850 1930 1898 libertas
1971 1854 2171 1898 tantum
2194 1848 2448 1909 dabatur-3
2482 1865 2584 1914 qna

1519 1926 1663 1983 data,
1686 1925 1855 1988 potuit
1877 1933 2049 1975 tamen
2087 1940 2264 1976 servus
2296 1926 2491 1976 retrahi
2529 1926 2589 1976 in

1521 2000 1846 2064 servitutem,
1882 2006 1937 2049 et
1960 2008 2067 2048 tum
2090 2013 2194 2052 non
2212 2006 2357 2052 certe
2377 2000 2585 2051 vinculo

1522 2076 1805 2137 servitutis,
1846 2076 1938 2139 sed
1972 2082 2159 2125 ‘tamen
2213 2075 2360 2140 quasi
2403 2078 2584 2127 vinculo

1519 2151 1764 2200 servitutis
1782 2150 2118 2204 attinebatur.
2452 2171 2457 2176 ·

1589 2226 1959 2275 Manumittendi
2000 2229 2117 2275 duas
2149 2227 2345 2290 species]
2389 2228 2581 2278 Tribus

1523 2304 1690 2352 modis
1725 2304 1860 2353 servi
1893 2304 2185 2353 manumissi
2210 2312 2362 2353 sunt:
2399 2306 2584 2369 primo,

1523 2378 1567 2426 si
1589 2379 1700 2442 quis
1727 2394 1922 2439 servus,
1944 2379 2024 2428 vel
2042 2379 2201 2440 jussu·
2221 2380 2305 2428 vel
2328 2394 2582 2430 consensu

1524 2455 1737 2519 domini,
1768 2471 1955 2504 nomen
1993 2471 2137 2505 suum
2176 2455 2228 2504 in
2261 2471 2470 2506 censum
2495 2456 2583 2508 de·

1525 2535 1767 2584 tulisset:
1815 2532 2064 2594 secundo,
2102 2531 2143 2581 si
2164 2532 2312 2595 virga
2349 2534 2400 2582 in
2424 2541 2585 2597 caput

1523 2622 1671 2658 suum
1707 2625 1739 2658 a
1776 2615 2000 2673 praetore
2034 2609 2295 2671 imposita,
2321 2624 2438 2673 quae
2473 2610 2583 2660 vin-

1523 2686 1669 2734 dicta
1706 2686 1992 2747 dicebatur,
2012 2685 2065 2733 in
2103 2685 2401 2737 libertatem
2423 2686 2585 2738 vindi.

1523 2769 1670 2811 catus
1692 2767 1864 2813 esset:
1901 2763 2078 2822 tertio,
2115 2761 2158 2811 si
2197 2761 2389 2812 domini
2426 2769 2582 2811 testa-

1523 2844 1699 2885 mento
1740 2836 1874 2885 liber
1918 2835 2132 2885 relictus
2169 2841 2324 2884 esset.
2401 2837 2585 2887 Manuv‘

1524 2912 1703 2963 missio
1745 2925 1838 2974 per
1875 2924 2103 2971 censum,
2136 2926 2168 2960 a
2205 2910 2386 2960 Servio
2408 2912 2583 2965 Tullio

1523 2988 1771 3049 originem
1792 2987 1985 3036 habere
2006 2987 2250 3037 creditur.
2574 3018 2587 3040 ›

1537 3084 1542 3091 ·
1591 3064 1676 3111 De
1702 3078 1803 3127 qua
1835 3063 1908 3129 sic
1947 3062 2154 3124 Ulpian.
2193 3063 2208 3088 ‘
2234 3062 2381 3111 Servi
2414 3062 2502 3125 qui
2531 3064 2583 3111 in

1526 3137 1728 3198 peculio
1751 3142 1957 3188 centum
1990 3138 2259 3200 haberent,
2279 3142 2370 3186 aut
2400 3139 2585 3202 quibus

1524 3225 1614 3260 eas
1637 3210 1917 3267 facultates
1952 3211 2144 3263 domini
2176 3211 2585 3273 impertirent,·si

1524 3302 1615 3337 eos
1649 3287 1841 3337 domini
1875 3289 1929 3336 iu
1962 3302 2170 3337 censum
2203 3288 2395 3337 civium
2419 3302 2586 3339 acen·

1524 3363 1727 3413 soribus
1744 3382 1751 3389 ·
1769 3362 1958 3411 ascribi
1982 3360 2251 3424 juberent,
2288 3361 2584 3412 libertatem

1525 3437 2007 3503 consequebantur?
2574 3486 2583 3493 d

1588 3517 1909 3567 Libertatem
1949 3515 2141 3580 primus
2164 3515 2395 3564 intulisse
2417 3514 2584 3571 fertur

1525 3595 1589 3645 P.
1633 3593 1868 3643 Valerius
1919 3591 2197 3643 Publicola
2239 3605 2372 3640 auno
2415 3591 2582 3654 primo

1525 3677 1646 3733 post
1669 3675 1880 3719 exactos
1916 3682 2084 3731 reges,
2105 3682 2223 3716 cum
2260 3666 2327 3716 de
2360 3667 2587 3731 praemiis

1524 3746 1761 3798 Vindicis
1828 3745 1981 3805 servi,
2034 3743 2122 3807 qni
2178 3743 2585 3806 conjurationem

1525 3829 1820 3889 aperuerat,
1841 3823 1909 3872 ad
1929 3822 2173 3884 populum
2192 3822 2393 3874 tulisset
2412 3837 2426 3881 ς
2450 3831 2586 3882 enea

1525 3909 1758 3965 potestas
1794 3898 1958 3962 primo
1995 3911 2156 3961 penes
2178 3898 2442 3946 consulem
2463 3896 2584 3960 fuit,

1528 3985 1709 4038 postea
1733 3987 1892 4037 penes
1914 3976 2192 4034 praetorem
2215 3972 2484 4022 urbanum.
2542 4018 2551 4027 ,

1592 4051 1678 4098 De
1698 4065 1795 4114 qna
1819 4048 2066 4107 vindicta,
2099 4047 2173 4094 sic
2207 4046 2421 4095 Carolus
2439 4046 2584 4110 sigo-‚-

1525 4126 1638 4173 nius
1657 4140 1671 4183 3
1697 4129 1711 4153 ‘
1730 4124 1832 4175 Qui
1852 4122 2211 4185 manumittere
2225 4135 2432 4180 servum
2447 4123 2584 4186 apud

1525 4208 1805 4265 pretorem
1837 4200 2064 4260 volebat,
2094 4197 2242 4259 istius
2260 4197 2392 4254 servi
2409 4205 2587 4266 capnt,

1524 4283 1613 4331 aut
1633 4275 1782 4337 aliud.
1795 4274 2074 4351 membrum
2096 4278 2298 4336 tenens,
2313 4271 2587 4351 advpraetq.
