3100 4925
357 421 415 473 J,
437 421 499 472 c,
522 419 633 484 η]
1053 411 1464 463 Ακκᾼωυη
1511 412 1660 462 mn.
1695 412 1867 463 xm.
2380 397 2555 472 16ae

359 562 511 626 tio¹⁰
527 561 707 639 fuit,⁸
744 557 910 644 quia
959 560 983 592 ‘
1012 558 1322 624 victores⁸
1366 559 1699 626 diversam
1736 558 1948 623 aciem
1986 554 2195 624 Marti
2242 577 2325 626 ac
2372 558 2557 626 Mer-

362 661 593 727 curio’b
621 680 990 738 sacravere,
1020 679 1152 744 quo
1184 665 1364 726 votoc
1391 662 1567 745 equi,
1595 662 1747 739 viri,
1789 666 2029 726 cuncta
2069 660 2140 725 vi
2214 667 2261 698 ¹¹
2304 662 2555 727 occidi-

357 837 595 888 hostilem
618 835 906 886 exercitum
930 835 1172 886 dicavere
1195 835 1356 885 Marti
1378 841 1432 886 et
1446 836 1736 900 Mercurio,
1754 850 1844 900 quo
1873 839 1996 899 voto,
2012 835 2135 902 equi,
2153 834 2376 899 homines,
2396 836 2555 886 omnia

1280 977 1631 998 eeaeeneoaeeee

358 1081 580 1145 petitum
614 1097 679 1131 ex
710 1080 1079 1146 superioribus,
1099 1083 1180 1131 sed
1214 1084 1456 1146 naamam.
1493 1080 1846 1132 Brotier.—10
1881 1080 2148 1131 Exitiosius
2182 1080 2408 1131 Brotier.
2443 1081 2551 1138 ΜΒ.

358 1146 496 1197 Flor.
537 1146 770 1196 Pichena
805 1153 861 1195 et
892 1147 1225 1196 recentiores.
1289 1145 1353 1194 In
1392 1147 1623 1196 editione
1658 1145 1913 1210 principe,
1951 1146 2219 1195 exitiosum.
2252 1146 2378 1195 Mss.
2399 1143 2552 1196 Harl.

357 1210 510 1260 Bodl.
533 1211 644 1261 Jes.
668 1217 724 1259 et
742 1211 1075 1272 Puteolanus,
1096 1211 1245 1259 exitio
1255 1209 1396 1270 suin·
1466 1211 1567 1260 uod
1584 1221 1729 1260 certe
1746 1210 2051 1274 elegantius.
2086 1210 2363 1258 Idem—ll
2401 1211 2554 1259 Cune-

355 1279 409 1323 ta
441 1275 567 1323 victa
604 1275 847 1337 Brotier„
882 1282 938 1323 et
974 1276 1049 1323 ita
1090 1275 1194 1323 Ma.
1218 1274 1354 1323 Flor.
1392 1289 1421 1323 e
1463 1273 1650 1323 itiones
1688 1282 1892 1324 veteres
1930 1279 1986 1323 et
2008 1274 2339 1323 recentiores.
2406 1275 2553 1323 Male

355 1338 682 1387 emendatum
705 1339 757 1387 in
782 1338 965 1390 mediis
987 1336 1295 1402 quibusdam
1318 1338 1652 1400 editionibus,
1669 1354 1776 1389 cm
1804 1339 1879 1387 itu
1898 1338 2042 1388 victa.
2111 1337 2288 1401 Lipsio
2310 1336 2556 1399 placebat

354 1403 573 1452 Danesii
589 1403 901 1467 conjectura,
920 1406 1087 1452 cuncta
1101 1399 1222 1451 vinu.
1253 1407 1260 1412 ’
1284 1403 1540 1452 Tentabat
1562 1399 1615 1453 J.
1640 1404 1695 1452 1².
1718 1402 2032 1460 Gronovius,
2048 1407 2214 1451 macta
2226 1401 2427 1463 victine
2450 1408 2555 1467 est,

355 1467 926 1579 cuncta,·quaeL·victus
950 1466 1404 1593 ᾖηῐεῖῗοεεῖὲοῐέ
1435 1501 1447 1515 .
1480 1465 1696 1579 Ιὲιτέιὶεν.
1752 1467 1940 1516 Placet
1956 1465 2556 1580 ‘Danesiiigogjegggg

354 1545 663 1582 cuneumve.
743 1545 759 1578 ι
796 1545 918 1582 s1u3.
1014 1545 1056 1578 s.
1146 1545 1220 1578 or.
1329 1544 1362 1577 u
1402 1565 1414 1579 .
1471 1545 1500 1579 e
1580 1565 1592 1578 .
1629 1545 1802 1580 omnes
1838 1545 2008 1580 cunco
2036 1545 2160 1578 vaco
2324 1545 2353 1580 e

356 1593 444 1643 dit'
468 1593 699 1643 Freinsh.
721 1545 792 1642 ad)
829 1595 969 1644 Flor.
1001 1597 1054 1656 4,
1092 1598 1143 1642 2.
1168 1598 1224 1643 et
1248 1594 1315 1643 ad
1336 1595 1388 1644 h.
1410 1596 1444 1643 l.
1480 1595 1713 1644 Faernus
1733 1609 1934 1660 quoque
1959 1566 2187 1657 conjeci't
2206 1545 2332 1644 oga.
2394 1594 2471 1644 At
2491 1593 2551 1646 J.

356 1658 440 1710 Fr.
461 1657 725 1708 Gronovio
747 1664 982 1709 neutrum
1005 1660 1202 1724 placet,
1219 1659 1311 1708 sed
1333 1659 1735 1723 victitwuneta,
1763 1673 1881 1724 quoe
1911 1659 2082 1709 vietus
2114 1664 2269 1708 antea
2299 1658 2553 1724 possedit.

1338 1788 1549 1839 NOTAE

354 1913 471 1947 eum
495 1897 716 1962 inspexi,
743 1900 797 1949 in
835 1913 937 1964 qua
957 1901 1118 1950 omnis
1141 1900 1229 1950 illa
1250 1900 1407 1951 coufi-

352 1974 524 2023 ciendi
565 1987 627 2025 ac
676 1974 952 2038 colligendi
996 1976 1251 2039 ejusmodi
1288 1977 1408 2027 salis

351 2051 484 2100 ratio
522 2053 904 2102 accuratissime
944 2052 1154 2117 depicta
1183 2053 1408 2105 habeba·

351 2133 453 2177 tur.
520 2128 839 2178 Boxhomias.

412 2211 434 2236 ²
468 2201 630 2253 Cattis
647 2205 796 2253 exitio
819 2205 949 2270 fait]
1002 2205 1121 2256 Non
1144 2200 1409 2256 dissim'nlo

348 2279 798 2330 hallucinationem
811 2288 867 2329 et
880 2279 1125 2345 παρόραμα
1146 2282 1242 2330 viri
1265 2281 1405 2331 docti

349 2356 614 2419 nostratis,
633 2357 721 2421 qui
742 2357 808 2407 ab
829 2357 928 2406 hac
958 2372 1130 2421 pugna
1149 2357 1300 2408 initia
1319 2358 1407 2407 de-

347 2429 486 2480 rivat
524 2429 744 2481 Batavae
789 2431 950 2496 genti.
1033 2433 1227 2484 Censet
1270 2433 1406 2484 enim

347 2505 517 2556 victos
560 2509 837 2572 pulsosque
881 2523 945 2557 eo
984 2511 1164 2573 praelio
1205 2511 1407 2573 Cattos,

349 2580 617 2631 devenisse
656 2583 937 2632 maritimos
975 2586 1135 2646 locos,
1160 2586 1248 2634 ubi
1270 2600 1406 2636 nunc

348 2654 587 2720 Batavis,
631 2664 688 2705 et
729 2654 980 2721 originem
1023 2659 1229 2710 dedisse
1268 2661 1440 2711 inter·

347 2732 538 2797 Belgas
579 2734 910 2785 nobilissimae
952 2737 1114 2800 genti.
1166 2736 1406 2788 ”Caecita-

350 2811 489 2859 tem!

411 2888 601 2937 Batavi
632 2890 743 2939 noti
782 2890 1116 2955 celebresque
1153 2888 1243 2940 diu
1283 2897 1405 2942 ante

344 2963 478 3012 banc
500 2977 613 3013 aevo
650 2966 875 3015 Neronis
896 2980 1152 3030 pugnam:
1203 2973 1262 3017 et
1285 2966 1405 3018 Cat-

346 3046 518 3089 torum
538 3041 798 3106 migratio,
822 3042 889 3092 de
911 3058 1012 3108 qua
1031 3044 1247 3095 Tacitus
1267 3044 1322 3095 in
1343 3044 1405 3094 li-

345 3116 484 3167 beno
519 3117 586 3186 de
624 3118 922 3183 Germania,
953 3132 1056 3170 non
1095 3120 1250 3171 dubie
1272 3121 1404 3171 anti-

347 3192 517 3258 quior.

410 3268 428 3295 ‘
449 3267 672 3331 Batavi,’
712 3269 896 3335 inquit,
933 3273 949 3300 ⁸
973 3285 1076 3322 non
1098 3271 1314 3322 multum
1338 3287 1405 3325 ex

346 3344 483 3408 ripa,
497 3345 589 3394 sed
604 3345 815 3395 insulam
833 3348 1001 3397 Rheni
1019 3349 1180 3397 amnis
1199 3349 1403 3409 colunt;

348 3419 619 3469 cattorum
642 3422 898 3486 quondam
931 3422 1171 3488 popblus,
1195 3425 1405 3501 etxsedi-

342 3493 488 3544 tione
527 3493 813 3546 domestica
847 3497 901 3546 in
936 3511 1025 3547 eas
1058 3499 1206 3549 sedes
1241 3505 1405 3549 trans·

347 3584 569 3635 gressus,
607 3570 660 3619 in
697 3573 881 3636 quibus
919 3586 1058 3637 pars·
1076 3574 1294 3625 Romani
1315 3576 1406 3624 im·

344 3646 477 3709 perii
498 3644 721 3695 fierent!
753 3649 961 3712 Lipsius.

408 3728 433 3754 ⁸
473 3722 707 3787 Victores]
756 3725 844 3773 De
876 3725 1107 3790 utrisque
1128 3725 1330 3790 populis
1350 3725 1406 3776 id

342 3797 610 3862 intelliget
642 3813 848 3864 nempe,
868 3802 912 3850 si
931 3802 1193 3852 vicissent.
1259 3814 1270 3822 ·

418 3872 548 3928 Quia
567 3873 793 3938 victores]
848 3875 1067 3938 Ipsimet
1087 3877 1232 3928 catti
1252 3892 1404 3927 vove-

346 3953 484 4010 rant,
515 3949 586 3997 ‘si
641 3949 887 4000 vicissent
938 3951 1057 4015 ipsi,
1113 3960 1405 4003 sacraturus

346 4031 539 4074 cuncta
559 4025 781 4075 bostium
819 4028 984 4079 Marti
1027 4034 1082 4077 et
1119 4030 1402 4080 Mercurio.

347 4099 419 4148 Et
436 4100 510 4150 sic
531 4101 674 4151 minoe
692 4102 887 4153 hostica
910 4103 966 4153 ia
983 4104 1200 4168 ipsosmet
1221 4104 1403 4156 Cattos

347 4174 665 4227 vertebantur.

413 4247 438 4284 ὓ
467 4251 627 4303 Marti
645 4236 990 4321 senercurte]
1038 4255 1153 4307 Lib.
1177 4256 1403 4309 de‘Mor.

1487 1902 1665 1953 Germ.
1685 1905 1741 1952 9.
1790 1900 1807 1930 ‘
1830 1901 2061 1951 Deorum
2091 1901 2313 1951 maxime
2342 1902 2555 1953 Mercu-

1486 1979 1619 2027 rium
1641 1978 1838 2028 colunt.
1905 1978 2003 2027 Cui
2039 1979 2200 2027 certis
2235 1977 2439 2044 diebus,
2458 1980 2557 2030 bna

1486 2053 1650 2101 manis
1689 2065 1896 2116 qnoque
1929 2050 2110 2100 hostiis
2146 2051 2298 2101 litare
2336 2051 2419 2101 fas
2457 2054 2548 2103 lra-

1485 2126 1630 2177 bent.
1697 2127 1981 2176 Herculem
2003 2141 2065 2176 ac
2085 2126 2314 2176 Martem
2333 2140 2553 2178 conces·

1487 2202 1558 2251 sis
1578 2202 1878 2252 animalibus
1901 2200 2143 2265 placant,'
2164 2205 2263 2251 ὅτε.

1549 2286 1573 2312 0
1607 2280 1712 2335 Quo
1730 2277 1860 2342 voto]
1914 2277 2066 2327 Idem
2105 2276 2243 2340 apud
2286 2277 2553 2329 Romanos·

1483 2356 1678 2406 factum
1712 2362 1848 2406 teste
1886 2354 2034 2404 Livio
2065 2352 2154 2403 lib.
2188 2366 2228 2401 1.
2286 2354 2302 2381 ⁸
2326 2353 2552 2417 Tarqui·

1485 2432 1600 2481 nius
1659 2430 1953 2481 instandum
2014 2427 2307 2494 perterritis
2380 2435 2549 2496 ratus,

1486 2509 1666 2572 praeda
1709 2507 2035 2571 captivisque
2098 2506 2314 2555 Romam
2356 2505 2549 2569 missis,

1486 2584 1663 2647 spoliis
1703 2583 1945 2644 hostium,
1980 2580 2180 2646 (votum
2217 2579 2272 2628 id
2307 2581 2553 2631 Vulcano

1484 2658 1623 2722 erat)
1644 2657 1845 2723 ingenti
1867 2658 2072 2707 crumulo
2103 2657 2353 2720 accensis,
2371 2658 2551 2721 pergit

1485 2749 1644 2798 porro
1681 2734 1734 2782 in
1770 2747 1951 2796 agrum
1988 2732 2232 2782 Sabinum
2257 2733 2551 2783 exercitum
2640 2733 2646 2741 “

1485 2807 1770 2857 inducere!

1551 2885 1622 2933 Et
1641 2883 1733 2933 lib.
1754 2896 1809 2932 v.
1827 2886 1907 2932 ³9.
1939 2882 2007 2931 de
2044 2881 2243 2932 Gallis:
2298 2880 2315 2909 ‘
2337 2881 2557 2933 Poma-r

1485 2972 1572 3008 mo
1594 2972 1844 3009 caesorum
1864 2958 2028 3022 spolia
2052 2958 2245 3020 legere,
2263 2970 2546 3011 armornm·

1489 3049 1589 3099 qne
1623 3035 1875 3095 cumulos,
1896 3039 1955 3083 ut
1989 3047 2101 3082 mos
2124 3033 2198 3082 eis
2219 3039 2319 3095 est,
2341 3046 2553 3084 coacer-

1484 3109 1647 3159 vare!
1728 3109 1792 3158 Id
1835 3115 1958 3172 post
2001 3122 2223 3172 pugnam
2264 3108 2548 3160 Alliensem

1485 3183 1699 3236 factum.
1760 3186 1829 3233 Et
1853 3190 2001 3248 puto,
2020 3185 2097 3234 sic
2116 3185 2299 3234 Gallos
2318 3185 2547 3236 victores

1484 3273 1821 3310 coacervasse
1855 3261 2021 3323 spolia
2053 3265 2107 3308 et
2140 3274 2300 3323 arma,
2330 3266 2391 3312 ut
2429 3274 2547 3312 cre·

1482 3342 1718 3397 marent;
1753 3336 1934 3385 saltem
1958 3349 2116 3384 arma.

1495 3468 1500 3473 ,
1545 3414 1618 3461 Et
1640 3404 1815 3461 Livius
1836 3411 1930 3461 lib.
1955 3422 2160 3460 xxvrrr.
2191 3411 2209 3439 ‘
2233 3411 2411 3473 Spolia
2427 3413 2557 3463 hos·-

1482 3488 1612 3538 tium
1647 3488 1929 3537 Marcellus
1959 3488 2197 3538 Vulcano
2230 3495 2407 3537 votum
2428 3503 2546 3540 cre·

1481 3562 1677 3614 mavit!
1730 3563 1801 3612 Et
1843 3562 1939 3613 lib.
1981 3574 2184 3612 xtvru.
2234 3565 2250 3591 ‘
2275 3564 2426 3613 Caesa
2453 3571 2548 3615 ant

1481 3642 1665 3691 hausta
1710 3639 1953 3689 Flmmis
1991 3638 2329 3704 quadraginta
2379 3638 2547 3690 millia

1481 3717 1742 3767 hominum
1764 3720 1903 3775 sunt,
1936 3722 2093 3777 capta
2127 3729 2284 3778 supra
2314 3717 2545 3782 quinque

1483 3793 1660 3857 millia,
1692 3792 1842 3842 multi
1884 3790 2363 3856 Carthaginensium
2399 3793 2553 3843 uobi-

1484 3868 1839 3933 les,·nndecim
1872 3873 2157 3928 senatores,
2187 3867 2338 3931 signa
2357 3868 2545 3918 militn-

1483 3947 1563 3997 ria
1583 3952 1791 3997 centum
1810 3947 2144 4010 septuaginta
2157 3951 2396 4010 quatuor,
2418 3946 2557 4011 eqni-

1484 4024 1746 4075 Numidici
1787 4036 1943 4087 supra
1985 4023 2086 4073 duo
2129 4024 2310 4084 millia,
2342 4022 2539 4085 septin-

1481 4101 1629 4164 genti
1648 4101 1946 4164 Elephanti,
1960 4114 2053 4149 sex
2074 4100 2235 4163 eapti,
2256 4104 2377 4147 octo
2396 4096 2543 4148 flani-

1481 4190 1568 4226 ma
1590 4174 1828 4241 ferroque
1853 4175 2090 4225 absumti.
2156 4174 2233 4222 Ea
2252 4172 2422 4223 onmia
2442 4170 2541 4225 int-

1484 4257 1697 4317 perator
1716 4252 1954 4319 Vulcano
1967 4253 2173 4302 sacrata
2192 4249 2458 4300 incendit:
