3100 4925
432 383 498 506 3.
520 377 775 498 βιωά

1132 396 1545 453 ᾸΝΝΑΒῙΠΜ
1593 399 1740 453 mn.
1787 401 1962 482 11115

2470 391 2663 470 1446.

438 541 577 615 late
605 545 1084 634 quaesivisset.
1059 555 1087 583 ³
1173 523 1400 612 Fastis
1432 547 1723 614 Saturno
1747 548 2008 631 diebuS,
2009 556 2039 595 ἲ
2063 550 2228 616 inter
2252 550 2415 623 alia
2417 572 2643 638 aequa-

439 647 607 768 lium
649 649 949 727 ludicra?
996 625 1328 734 Regnum³
1376 650 1530 714 lusu
1559 649 2018 730 sortientium,a
2066 658 2371 756 evenerat
2395 673 2475 718 ea
2500 675 2645 754 sors

441 835 565 891 tium
591 842 647 890 in
667 842 834 902 vulgus
861 831 1114 903 plurimam
1148 838 1246 887 sibi
1281 840 1562 901 parauisset.
1627 839 1788 889 Festis
1819 839 2143 891 Saturnalium
2178 842 2360 903 diebus,
2395 843 2525 893 inter
2546 844 2650 899 alin

443 905 780 982 oblectamen&
808 909 1167 966 cooetaneornm,
1186 903 1487 954 sortientium
1504 904 1612 954 ludo
1626 904 1961 970 principatum,
1987 906 2225 969 obtigerat
2246 922 2302 957 ea
2321 922 2424 957 sors
2445 910 2662 967 Neronis

1366 1048 1688 1070 OOOO'NOO‘O
1694 1050 1721 1070 0

439 1133 644 1225 wora,
664 1160 828 1210 Rom
848 1174 1043 1222 regnum
1064 1159 1172 1211 ludo
1190 1158 1504 1208 sortientium.
1572 1139 1710 1211 Flor.
1732 1158 1916 1210 ludicra
1937 1159 2005 1211 R.
2027 1175 2226 1223 regnum
2245 1163 2279 1212 1.
2300 1176 2341 1211 s.
2407 1159 2545 1228 Reg.
2574 1164 2648 1216 ἂι·

1444 1322 1658 1373 NOTAE

468 1501 480 1522 1
511 1461 538 1488 ³¹
570 1445 802 1510 Favorem
827 1458 922 1506 late
942 1457 1250 1521 quaesivisset]
1302 1455 1509 1519 Nempe

447 1545 513 1598 ea
539 1545 622 1581 res
657 1532 714 1580 in
753 1534 937 1596 vulgus
972 1532 1251 1595 emanavit,
1288 1539 1348 1582 ut
1384 1533 1507 1597 quid

447 1607 723 1669 eximium3
775 1610 897 1673 quia
949 1609 1003 1659 in
1054 1617 1177 1659 acta
1218 1609 1507 1673 principum

450 1683 601 1733 avide
625 1684 919 1749 inquiritur,
938 1691 993 1734 et
1014 1683 1151 1734 fama
1172 1686 1368 1734 crescit
1387 1699 1508 1734 eun-

449 1757 535 1812 do.
603 1760 675 1807 Et
718 1774 779 1808 eo
815 1760 981 1824 major
1015 1758 1164 1808 favor
1201 1759 1509 1821 Britannici,

450 1821 552 1910 (juo
574 1836 735 1901 magis
768 1835 1069 1900 imperitans
1100 1836 1246 1885 Nero
1268 1849 1364 1898 per
1399 1848 1509 1884 sce·

450 1911 529 1973 lus
550 1912 670 1962 odio
691 1911 808 1963 fuit.
915 1961 920 1964 ,
1397 1975 1400 1980 ⁴

471 2043 484 2049 ,
515 1990 592 2038 Eo
616 1990 768 2040 latius
807 2005 987 2054 sparsa
1014 1989 1169 2052 fama,
1202 1989 1337 2054 quod
1367 1988 1510 2037 inno-

395 2065 399 2070 ’
453 2065 644 2128 centia,
663 2066 955 2130 nobilitate,
989 2072 1044 2114 et
1079 2065 1321 2129 periculis
1350 2064 1513 2128 magis

452 2142 835 2208 commendatus
858 2150 939 2191 est
958 2143 1308 2192 Britannicus.
1354 2142 1518 2206 Fama

454 2217 609 2268 etiam
631 2233 750 2280 mox
779 2234 845 2267 ex
881 2218 1111 2285 pernicie
1149 2211 1424 2278 immerita,
1458 2224 1514 2267 et

454 2308 521 2341 ex
545 2294 759 2343 crimine
786 2296 1025 2344 Neronis.

425 2415 430 2421 .
469 2413 478 2422 ,
518 2376 542 2411 5
574 2372 731 2424 Festis
751 2371 957 2428 Saturno
978 2369 1164 2439 diebus]
1217 2369 1516 2419 Saturnalia

449 2448 529 2519 sic
551 2430 741 2501 dictas
762 2448 1005 2511 Saturno,
1045 2448 1164 2511 quod
1196 2457 1249 2496 eo
1281 2443 1517 2505 dieserioe

419 2573 430 2577 ,
452 2525 572 2587 eius,
590 2525 749 2578 testis
758 2526 943 2577 Varro.

520 2600 801 2651 Celebrata
833 2598 1046 2651 fuerunt
1079 2564 1373 2651 Saturnalia
1394 2604 1516 2647 ante

423 2677 676 2736 ‚Romam
718 2675 996 2738 conditam,
1037 2675 1093 2723 in
1136 2675 1311 2738 Italia,
1367 2681 1420 2724 et
1464 2674 1518 2723 in

459 2753 686 2809 Graecia.
750 2752 1104 2811 Saturnalibus
1138 2751 1324 2801 crebra
1345 2750 1519 2800 convi-

398 2838 402 2842 '
458 2831 541 2880 via
563 2830 846 2893 agitabant,
880 2829 1262 2893 mittebantque
1293 2827 1519 2878 invicem

455 2921 688 2969 munera,
711 2921 828 2971 quae
850 2905 1146 2957 Saturnalia
1169 2904 1515 2954 dicebantur·
1500 2939 1516 2965 ‚

462 2991 570 3033 tum
606 2984 765 3033 etiam
809 2995 1008 3043 cereos,
1059 2979 1195 3045 quod
1239 2982 1517 3029 Saturnum

459 3059 732 3119 luminibus
771 3057 999 3109 accensis
1045 3057 1315 3110 colerent.
1372 3057 1519 3121 quasi

457 3134 833 3200 significarent,
887 3135 1104 3183 Saturno
1155 3133 1409 3197 principe,
1463 3148 1520 3183 se

453 3213 607 3265 ,velut
647 3212 714 3261 ad
735 3212 905 3261 lucem
940 3215 996 3260 et
1017 3211 1178 3258 bonas
1201 3215 1337 3258 artes
1358 3215 1525 3258 trans-

458 3291 596 3347 latos
613 3303 748 3341 esse.
802 3288 988 3337 Servos
1007 3300 1124 3335 suos
1143 3285 1389 3334 conviviis
1413 3286 1522 3349 opi-

449 3365 602 3433 paris
621 3363 977 3428 excipiebant,
1020 3367 1077 3411 et
1095 3360 1193 3426 ipsi
1216 3360 1410 3413 domini
1430 3361 1522 3409 mi-

458 3441 762 3493 nistrabant.
1137 3498 1142 3505 ἢ

465 3560 480 3573 „
527 3518 760 3581 Primum
809 3514 1108 3566 Saturnalia
1146 3514 1412 3569 celebrata
1456 3513 1523 3563 ad

413 3606 582 3647 extr.
606 3593 727 3653 Kal.
763 3592 885 3644 Jau.
924 3598 1083 3655 atque
1116 3604 1218 3640 nno
1250 3591 1336 3641 die
1358 3591 1523 3641 absol-

464 3668 735 3717 vebantur.
822 3668 1107 3732 Postquam
1152 3667 1211 3718 C.
1249 3668 1425 3727 Caesar
1468 3667 1522 3715 in

462 3745 585 3795 anni
620 3744 1002 3804 emendatione,
1033 3742 1153 3792 huic
1192 3743 1354 3793 mensi
1396 3743 1523 3792 duos

465 3821 579 3873 dies
613 3820 831 3884 addidit,
866 3820 1132 3871 celebrata
1154 3822 1364 3873 suntad
1404 3833 1523 3873 ιιι.

447 3897 587 3949 Kal.
607 3897 732 3951 Jan.

532 3972 672 4027 Hinc
692 3971 904 4035 factum,
940 3978 1001 4022 ut
1032 3987 1147 4022 cum
1172 3975 1351 4037 vulgus
1383 3934 1526 4038 ἰιςιιο-

407 4102 414 4105 .
468 4056 609 4105 rant
657 4055 857 4101 certum
909 4048 1315 4100 Saturnaliorum
1346 4049 1526 4113 diem,

405 4176 411 4183 ,
457 4102 798 4189 nonnullique
816 4139 848 4172 a
868 4131 1104 4187 tempore
1126 4106 1372 4189 Caesaris
1360 4139 1525 4177 mcer-

469 4211 526 4255 to
558 4202 665 4265 die,
695 4208 752 4252 et
794 4202 879 4250 alii
915 4201 1082 4252 veteri
1114 4216 1259 4252 more
1294 4202 1525 4253 celebra-

463 4272 611 4343 rent,
647 4279 820 4343 plures
856 4276 970 4329 dies
990 4277 1271 4331 Satur-asia
1298 4279 1527 4330 nomina-

1590 1461 1785 1520 rentur,
1830 1460 1887 1505 et
1909 1454 2173 1520 Augustus
2207 1455 2260 1503 in
2281 1452 2483 1519 legibus
2509 1451 2651 1520 judi·

1589 1533 1759 1583 ciariis
1779 1532 1950 1598 triduo
1972 1530 2243 1596 easrferias
2261 1533 2454 1580 servari
2467 1532 2650 1595 jussit.

1652 1617 1672 1640 ²
1704 1608 1841 1657 Inter
1859 1609 1958 1656 alia
1972 1607 2225 1670 equalium
2243 1607 2449 1670 ludicra]
2484 1608 2655 1658 Inter·

1589 1689 1768 1747 pretes
1791 1684 1855 1732 ad
1879 1682 2274 1733 illustrationem
2292 1684 2394 1731 loci
2408 1681 2655 1747 afferunt,

1590 1774 1704 1823 quae
1729 1760 1915 1808 Pollux
1943 1758 2127 1808 scribit
2160 1759 2197 1808 l.
2222 1772 2302 1808 xx.
2326 1760 2352 1785 ·‘
2376 1758 2651 1822 Regnum,'

1590 1835 1821 1900 inquit,‘
1845 1841 1944 1898 est,
1994 1850 2110 1885 cum
2147 1842 2417 1899 postquam
2454 1842 2649 1886 sortem

1594 1917 1818 1973 traxere,
1841 1925 1933 1959 rex
1965 1912 2209 1978 imperat,
2248 1910 2372 1975 quid
2395 1911 2652 1974 agendum

1592 1989 1692 2049 sit;
1732 1983 1978 2038 minister
2016 2003 2142 2038 vero
2184 2002 2276 2038 seu
2329 2002 2525 2049 servus,
2568 1987 2654 2038 cui

1592 2053 1780 2130 nempe
1819 2080 1882 2113 ea
1914 2079 2021 2114 sors
2058 2065 2257 2129 evenit,
2285 2063 2507 2128 ubique
2495 2078 2653 2114 mser·

1592 2140 1670 2190 vit
1690 2156 1752 2191 ac
1772 2142 2006 2191 laborat!

1657 2218 1827 2282 Magis
1848 2218 1975 2269 facit
1996 2218 2204 2269 Attiani
2236 2218 2438 2269 loeusl.
2469 2230 2510 2269 1.
2532 2217 2656 2267 Dis-

1592 2293 1932 2342 sartationum
1971 2294 2233 2357 Epicteti·
2265 2294 2280 2321 ‘
2305 2293 2654 2342 Saturnalium

1594 2368 1772 2418 diebus
1794 2382 1886 2418 rex
1906 2369 2150 2433 eligitur-3
2183 2369 2331 2420 lubet
2352 2368 2488 2417 enim
2510 2367 2667 2419 lude-t

1568 2462 1649 2507 ,re
1671 2446 1808 2496 hunc
1827 2446 2031 2496 lusum.'
2079 2445 2133 2496 Is
2154 2445 2408 2508 imperat:
2434 2451 2491 2494 tu
2514 2443 2657 2508 bibe,

1596 2529 1650 2571 ιιι
1675 2515 1850 2584 misce,
1881 2527 1940 2572 tu
1960 2521 2184 2586 expelle,
2213 2527 2270 2570 tu
2295 2521 2402 2584 abi,
2441 2529 2498 2572 tu
2518 2522 2657 2572 veni.

1594 2598 1786 2659 Pareo,
1807 2613 1874 2646 ne
1895 2612 2008 2647 mea
2029 2613 2182 2647 causa
2197 2599 2426 2648 solvatur
2448 2597 2634 2648 ludus!

1655 2675 1726 2722 Et
1741 2673 1960 2723 'maxime
1979 2675 2194 2724 Luciani
2211 2676 2264 2724 in
2284 2675 2659 2726 Saturnalibus.

1596 2748 1827 2815 ‘-Vides,'
1867 2749 2077 2816 (inquit,
2116 2750 2254 2814 apud
2288 2752 2526 2801 Graecum
2564 2741 2668 2801 Sa-⁴

1598 2831 1780 2874 turnus
1835 2824 2168 2889 magnificans
2212 2840 2356 2875 suum
2396 2827 2668 2893 regnum,)·

1596 2901 1878 2964 ‘quantum
1899 2899 2090 2950 bonum
2108 2901 2192 2964 sit,
2213 2914 2388 2964 regem
2404 2902 2543 2950 inter
2557 2917 2662 2953 om-

1597 2989 1687 3025 nes
1711 2968 1852 3039 elig‘i,
1870 2977 1914 3025 si
1937 2976 2121 3026 viceris
2142 2976 2267 3026 talo.
2318 2977 2449 3028 Cum
2487 2992 2659 3044 neque

1601 3053 1865 3117 quisquam
1907 3052 2003 3101 tibi
2033 3053 2309 3103 ridiculum
2336 3054 2533 3119 aliquid
2568 3056 2662 3109 im-

1601 3135 1771 3193 peret,
1812 3136 1869 3179 et
1911 3137 1970 3179 tu
2009 3129 2264 3193 imperare
2306 3131 2420 3180 aliis
2463 3132 2627 3194 possis
2646 3136 2669 3182 a*

1601 3207 1737 3268 huic,
1756 3211 1818 3255 ut
1838 3213 1994 3270 turpe
2022 3208 2216 3272 aliquid
2236 3208 2303 3258 de
2333 3209 2501 3273 seipso
2522 3210 2665 3261 voci-

1602 3280 1821 3346 feretur,
1857 3284 1954 3345 illi,
1999 3289 2063 3333 ut
2095 3284 2253 3337 saltet
2282 3285 2478 3348 nudus,
2501 3291 2661 3351 utque

1605 3359 1809 3408 sublata
1840 3360 1894 3408 in
1923 3360 2160 3408 humeros
2195 3359 2412 3410 tibicina
2451 3368 2533 3412 ter
2571 3362 2675 3415 ‹ro-
2705 3368 2708 3373 ’

1601 3448 1740 3483 ιιιιιιιι
1765 3434 2079 3483 circumeat)
2088 3422 2315 3497 Lipsius.

1614 3504 1619 3509 ’
1667 3515 1691 3541 ⁸
1721 3509 1942 3571 Regnum
1961 3510 2067 3558 lusu
2085 3503 2406 3573 sortientium]
2441 3512 2517 3560 Eo
2536 3512 2669 3578 ritu,

1604 3599 1705 3649 quo
1726 3599 1885 3649 regna
1906 3584 2273 3646 conviviorum,
2305 3585 2360 3634 id
2397 3593 2499 3650 est,
2535 3590 2661 3642 talo.

1602 3665 1684 3711 Ex
1723 3660 1939 3712 Luciani
1962 3675 2121 3725 supra
2150 3661 2340 3712 verbis.
2406 3664 2667 3716 Florenti-

1600 3755 1696 3791 nus
1715 3741 1868 3803 etiam
1889 3739 2085 3789 codex:
2121 3740 2304 3789 ludicra
2335 3741 2400 3791 R.
2418 3757 2632 3805 regnum
2649 3746 2677 3795 .·'

1603 3817 1740 3882 qnod
1761 3817 1916 3879 valet,
1939 3816 2220 3883 Romanum.
2255 3816 2478 3880 Lipsius.

1671 3894 1890 3956 Regnum
1946 3895 2051 3941 lusu
2107 3892 2433 3957 sortientium]
2497 3896 2531 3951 J
2536 3890 2683 3949 nlius*

1605 3970 1817 4033 Pollux,
1840 3969 2111 4019 onomast.
2144 3984 2299 4033 nono,
2326 3971 2493 4020 lusum
2510 3986 2669 4037 quen-

1607 4046 1726 4111 dam
1747 4045 1998 4114 describit
2030 4047 2119 4110 qui
2154 4044 2409 4097 Βασιλίνδα
2446 4047 2681 4112 dicatur,'

1604 4140 1724 4175 cum
1745 4108 1908 4174 ducta
1937 4131 2099 4186 sorte,
2119 4124 2301 4189 aliquis
2323 4123 2384 4173 fit
2401 4138 2529 4189 rex,
2535 4134 2592 4176 et
2621 4127 2666 4176 is

1606 4199 1875 4268 quidpiam
1929 4197 2138 4249 difficile
2181 4198 2436 4263 ministro,
2477 4203 2559 4277 cui
2602 4194 2670 4252 ea

1607 4290 1719 4361 sors
1749 4274 1946 4343 pariter
1967 4272 2234 4343 obtigerit,
2269 4274 2511 4346 imperat.
2575 4279 2664 4329 De
