3100 4925
471 426 476 429 .
506 362 680 439 m

506 534 770 599 nomino
797 531 940 613 efjus
963 529 1354 593 donativum
1391 528 1608 608 militi,
1641 522 2049 611 congiarium
2093 529 2328 612 plebist
2415 531 2523 597 Et
2540 533 2714 598 ludi-

484 655 639 707 ⁴cro
670 633 1140 708 Circensium,y
1183 631 1364 714 quod
1410 631 1827 714 acquirendis
1860 633 2041 714 vulgi
2086 633 2331 696 studiis
2377 634 2715 715 edebatur,

506 734 930 804 Britannicus
993 735 1064 797 in
1106 741 1488 816 praetexta?
1560 733 1740 797 Nero
1799 734 2178 817 triumphali
2238 755 2392 798 cum
2436 741 2667 815 veste}
2686 745 2712 772 ⁸

1217 380 1282 433 θ’.
1330 380 1525 434 con-‘N
1536 378 1717 435 nura
1740 380 1993 434 mecm
2386 386 2479 458 [ΑΞ
2503 392 2571 444 tr.
2594 392 2713 445 sos.

505 882 801 945 congiarium
829 884 1015 945 populo.
1086 883 1156 929 Et
1190 881 1314 931 ludis
1338 856 1653 943 Circensibus,
1692 862 1772 944 q'ui
1794 882 2097 932 conciliandis
2130 885 2301 934 civium
2332 887 2505 935 animis
2525 874 2714 936 exhibe·

506 949 698 1008 bantur,
717 946 1031 996 Britannicus
1064 952 1192 995 veste
1223 944 1419 1010 puerili,
1455 946 1588 994 Nero
1620 947 1898 1009 triumphali
1919 952 2034 1010 toga
2069 948 2330 999 transuecti
2346 956 2473 1001 suut.
2540 952 2617 1001 Ut
2629 953 2711 1000 sic

1428 1072 1781 1094 OOOOOOWO

505 1174 544 1225 2·
572 1170 658 1222 Sic
678 1170 1014 1220 Puteolanus.
1080 1171 1144 1219 In
1164 1171 1293 1220 Mas·
1314 1171 1462 1220 Harl.
1486 1171 1641 1219 Bodl.
1663 1171 1772 1221 Jes.
1789 1172 1960 1234 plebei.
2028 1173 2204 1224 Editio
2233 1176 2490 1238 princeps„
2518 1175 2712 1238 plebeis.

504 1241 601 1286 -3
623 1237 850 1295 Brotier.
873 1236 1226 1298 triumphalium
1240 1241 1382 1297 veste,
1402 1243 1458 1285 et
1479 1237 1551 1285 sic
1575 1236 1866 1285 Gronovius
1891 1245 1946 1286 et
1962 1238 2205 1300 Ryckius.
2240 1242 2424 1289 Mallet
2444 1241 2715 1289 Freinshe-

506 1303 659 1363 mius,
702 1301 977 1363 triumphali
1014 1301 1066 1348 iu
1102 1306 1193 1349 aut
1232 1317 1337 1349 cum
1369 1306 1511 1353 veste.
1578 1301 1787 1350 Vellent
1809 1302 1914 1363 alii,
1944 1303 2350 1365 triumphantium.
2415 1306 2712 1373 Utcumque

507 1373 679 1417 tamen
719 1364 844 1413 ferri
883 1371 1060 1427 potest
1101 1366 1470 1427 triumphalium,
1505 1379 1622 1413 cum
1667 1365 1976 1428 triumphales
2030 1369 2166 1416 viros
2219 1370 2404 1430 passim
2458 1375 2710 1417 memoret

504 1431 720 1479 Plinius.
776 1431 987 1477 Brotier.
1054 1429 1188 1477 Cod.
1239 1444 1416 1478 meus:
1456 1431 1586 1478 Nero
1627 1429 1679 1477 iu
1720 1431 2078 1497 triumphalium
2118 1437 2262 1481 veste.
2327 1433 2540 1482 Scribe:
2582 1435 2709 1482 Nero

505 1495 778 1557 triumphali
798 1493 851 1542 iu
871 1498 1016 1542 veste.
1087 1494 1180 1542 Uti
1209 1493 1321 1556 jam
1346 1508 1377 1543 a
1396 1493 1631 1558 pluribus
1655 1493 1936 1543 monitum:
1993 1496 2112 1544 vide
2137 1496 2201 1544 ad
2221 1511 2323 1545 xu.
2349 1502 2396 1568 β.
2478 1498 2707 1561 Ryckz'as.

1506 1616 1555 1664 N
1561 1614 1718 1664 0⁷1·AE

567 1719 591 1752 5
613 1711 818 1761 Ludicro
853 1712 1165 1775 Circensium]
1198 1712 1298 1764 Qui
1321 1711 1430 1760 ludi
1455 1711 1566 1760 Cir-

504 1803 683 1838 censes
737 1788 1085 1853 distinguendi
1136 1789 1200 1837 ab
1259 1788 1386 1850 aliis,
1437 1802 1566 1852 quos

503 1863 673 1929 'edidit
710 1865 872 1926 Nero,
911 1873 1181 1930 postquam
1216 1865 1369 1915 duxit
1401 1867 1566 1914 Octa-

501 1939 654 1988 viam.
679 1941 764 1987 De
787 1941 972 2007 quibus
1004 1943 1148 1991 Suet.
1176 1944 1303 1991 Ner.
1329 1948 1374 1992 7.
1409 1944 1425 1971 ‘
1449 1943 1565 1990 Nec

399 2058 410 2065 .
503 2016 665 2063 multo
702 2021 819 2076 post
853 2017 1005 2073 duxit
1034 2018 1341 2066 Octaviam:
1377 2017 1564 2066 edidit-

503 2104 604 2153 que
626 2104 720 2153 pro
753 2090 956 2139 Claudii
1000 2093 1167 2141 salute
1198 2093 1467 2141 Circenses
1507 2100 1563 2142 et

502 2165 857 2213 venationem-³
953 2166 1193 2215 Edebant
1246 2162 1398 2216 ludos
1463 2184 1560 2232 pro

502 2241 667 2289 salute
707 2241 988 2308 principisi
1034 2241 1153 2291 dum
1197 2259 1315 2292 eum
1355 2245 1560 2293 occide-

499 2322 632 2365 rent.
1106 2350 1119 2360 .

566 2396 652 2443 De
675 2393 894 2456 ludicro,
928 2397 1063 2459 quod
1086 2396 1205 2446 Tac.
1240 2397 1327 2445 hic
1370 2398 1560 2447 descri-

498 2474 598 2534 bit,
621 2475 743 2522 Suet
767 2476 893 2523 Ner.
914 2480 960 2523 7.
986 2477 999 2501 ‘
1020 2478 1186 2524 Tener
1217 2477 1405 2538 adhuc,
1441 2493 1559 2526 nec-

500 2537 622 2596 dum
676 2555 881 2597 matura
930 2550 1169 2611 pueritia,
1224 2551 1557 2600 Circensibus

500 2624 633 2672 ludis
663 2624 873 2687 Trojam
911 2626 1320 2674 constantissime
1356 2625 1558 2676 favora-

501 2701 772 2766 biliterque
798 2702 954 2751 lusit!

566 2778 879 2842 Circensium]
923 2780 1004 2828 De
1027 2762 1177 2828 Circo
1200 2779 1430 2832 Maximo
1454 2779 1559 2830 dic·

500 2862 607 2903 tum
632 2859 711 2903 est
733 2856 784 2904 in
805 2857 938 2905 notis
962 2856 997 2905 l.
1026 2870 1101 2906 vr.
1127 2871 1169 2904 c.
1192 2860 1274 2904 45.
1299 2871 1473 2919 supra.

563 2937 584 2961 ²
623 2931 938 2979 Britannicus
977 2932 1030 2979 iu
1066 2926 1326 2993 praetexta]
1410 2933 1557 2995 Toga

493 3009 733 3066 proetexta
791 3005 864 3053 sic
911 3004 1104 3054 dicitur
1158 3019 1188 3053 a
1237 3008 1558 3070 pra-texendo,

499 3080 622 3143 quia
654 3095 885 3143 purpura
907 3081 956 3130 ei
984 3082 1120 3129 vesti
1139 3088 1399 3145 praetexta
1420 3092 1552 3133 erat.

499 3155 619 3203 Hac
645 3155 725 3202 usi
762 3155 909 3218 pueri
943 3170 1107 3219 usque
1144 3158 1208 3205 ad
1242 3173 1432 3207 annum
1474 3164 1554 3209 15.

499 3231 579 3278 vel
605 3235 685 3279 16.

560 3308 722 3357 Teste
762 3308 999 3359 Macrob.
1043 3325 1105 3358 ea
1142 3324 1245 3359 non
1276 3312 1354 3360 nsi
1378 3311 1554 3375 primis

496 3382 721 3446 Reipub.
759 3386 1094 3449 temporibuS,
1132 3387 1223 3435 sed
1267 3403 1383 3437 cum
1425 3390 1556 3437 Tar·-

496 3460 697 3523 quiuius
716 3460 942 3523 Priscus,
964 3463 1052 3525 qui
1074 3462 1139 3511 de
1158 3463 1355 3512 Sabinis
1376 3464 1552 3512 trium-

496 3535 654 3597 phum
686 3543 881 3600 egerat,
904 3536 1065 3586 filium
1106 3555 1250 3588 suum
1287 3529 1447 3588 annos
1472 3545 1550 3595 14,

493 3613 687 3673 uatum,
703 3612 837 3676 quod
857 3612 1054 3662 hostem
1072 3614 1124 3661 in
1148 3630 1210 3662 eo
1228 3615 1366 3663 bello
1398 3631 1551 3666 manu

496 3688 848 3750 percussisset,
881 3704 978 3752 pro
1001 3691 1244 3738 concione
1267 3692 1551 3755 laudatum,

491 3761 633 3810 bulla
664 3778 839 3825 aurea,
880 3771 1243 3831 praetextaque
1277 3769 1549 3829 donasset;

492 3837 609 3885 hinc
648 3852 755 3887 mos
788 3839 1057 3902 deductus,
1092 3849 1151 3889 ut
1192 3850 1451 3905 praetexta
1495 3854 1549 3895 et

495 3912 634 3962 bulla
684 3913 736 3961 iu
787 3930 930 3963 usum
985 3932 1253 3978 puerorum
1305 3920 1548 3970 nobilium

491 3999 863 4052 usurparentur
886 3991 951 4040 ad
982 4008 1182 4041 omnem
1207 3994 1465 4046 virtutem.

556 4070 581 4096 ²
602 4064 896 4129 Triumphali
910 4084 1014 4116 cum
1035 4069 1184 4130 veste]
1248 4071 1546 4122 Vocabatur

489 4136 580 4189 illa
602 4141 758 4189 vestis
777 4143 782 4146 “
799 4141 933 4205 Toga
957 4145 1107 4207 picta,
1142 4144 1202 4195 et'
1233 4145 1412 4196 Tunica
1446 4152 1548 4212 pal-

492 4222 637 4269 mata.
681 4218 796 4269 Liv.
815 4233 855 4270 1.
881 4225 960 4270 1⁰.
983 4222 999 4249 ‘
1022 4222 1118 4278 Cui
1134 4222 1369 4274 Deorum
1389 4223 1548 4276 homi-

1646 1723 1834 1757 numve
1877 1708 2143 1774 indignum
2191 1711 2354 1760 videri
2400 1711 2578 1775 debet,
2634 1713 2712 1762 eis

1647 1786 1783 1847 viris,
1802 1800 1926 1849 quos
1943 1800 2035 1835 vos
2061 1788 2186 1836 sella
2209 1787 2391 1850 curuli,
2409 1794 2531 1847 toga
2549 1788 2709 1851 picta,

1648 1870 1928 1925 praetexta,
1951 1864 2129 1912 tunica
2151 1865 2376 1927 palmata
2410 1868 2465 1911 et
2487 1864 2610 1927 t'oga
2632 1864 2707 1912 ln·

1646 1944 1804 2001 super
1821 1938 1985 2001 picta,
2003 1945 2057 1987 et
2076 1954 2266 1988 corona
2285 1933 2710 2001 triumphali'lau·

1645 2027 1834 2077 reaque
1889 2015 2196 2075 honorastis,
2240 2029 2454 2078 quorum
2507 2014 2710 2084 domus,

1643 2089 1819 2150 spoliis
1839 2087 2063 2136 hostium
2089 2087 2274 2148 affixis,
2305 2089 2530 2151 insignes
2566 2089 2710 2147 ,inter

1641 2162 1767 2210 alios
1811 2161 2069 2225 feceritis,
2117 2163 2437 2227 pontificalia
2487 2165 2709 2228 iusignia

1640 2239 1868 2303 adjicere
1894 2240 1927 2289 ?’

1704 2315 1972 2380 Appianus
1995 2317 2047 2364 in
2072 2317 2303 2380 Libycis,
2326 2317 2413 2365 ubi
2437 2317 2503 2365 de
2529 2318 2706 2367 trium-

1640 2392 1741 2454 pho
1763 2393 2049 2455 Scipionis:
2084 2394 2098 2420 ‘
2126 2392 2227 2441 Hic
2253 2400 2451 2442 vestem
2477 2395 2706 2444 succinc-

1641 2475 1722 2516 tus
1763 2484 2096 2531 purpuream,
2134 2470 2309 2532 patrio
2351 2484 2510 2531 more,
2538 2472 2708 2521 aureis

1639 2543 1892 2591 intextam
1915 2543 2202 2593 sideribus?
2270 2544 2457 2607 Itaque
2477 2546 2608 2606 pict-a
2624 2547 2706 2595 di.

1637 2619 1872 2680 cebatur‚
1895 2618 2032 2683 quod
2056 2619 2217 2667 stellis
2235 2621 2402 2667 aureis
2425 2620 2706 2685 distingue-

1638 2700 1813 2755 retur;
1859 2701 1905 2743 et
1939 2697 2219 2758 palnmta‚a
2257 2696 2441 2759 palmae
2481 2697 2705 2762 imagine

1640 2768 1906 2832 impressa.
2712 2777 2718 2781 “

1705 2846 1843 2895 Pliu.
1880 2849 1914 2895 l.
1949 2851 2178 2901 v111.·48‚
2209 2848 2224 2875 ⁴
2245 2847 2532 2899 Praetextae
2565 2851 2704 2913 apud

1637 2924 1886 2974 Etruscos
1910 2926 2158 2990 originem
2183 2927 2445 2977 invenere.
2493 2928 2705 2977 Trabeis

1635 3015 1753 3049 usos
1774 3002 1975 3065 accipio
1999 3018 2178 3068 reges:
2218 3005 2382 3068 pictus
2403 3012 2575 3054 vestes
2588 3006 2701 3070 jam

1638 3078 1776 3140 apud
1809 3080 2095 3129 Homerum
2139 3079 2316 3144 fuisse,
2354 3079 2488 3130 unde
2525 3081 2707 3131 trium-

1638 3157 1816 3219 phales
1848 3165 2006 3207 natae.
2074 3157 2192 3208 Acu
2233 3159 2423 3220 facere,
2461 3157 2511 3205 id
2540 3159 2702 3222 Phry.

1637 3246 1726 3293 ges
1766 3233 2092 3297 invenerunt,
2126 3235 2345 3299 ideoque
2377 3234 2701 3297 Phrygiones

1634 3309 1883 3372 appellati
1903 3316 2021 3359 sunt
2040 3310 2072 3358 ε’
2105 3311 2215 3359 etl.
2240 3323 2318 3359 rx.
2342 3314 2423 3358 86.
2492 3309 2597 3357 Ubi
2632 3309 2701 3362 de

1635 3391 1820 3433 natura
1842 3399 2082 3449 purpurae
2102 3402 2115 3434 ε
2138 3386 2153 3412 ‘
2182 3385 2322 3433 Huic
2346 3384 2513 3433 fasces
2556 3400 2703 3434 seeu-

1635 3474 1819 3525 resque
1846 3460 2094 3510 Romauae
2117 3462 2252 3512 viam
2281 3461 2499 3525 faciunt,
2540 3462 2698 3511 idem.

1636 3554 1734 3601 que
1754 3554 1848 3601 pro
1873 3540 2143 3601 majestate
2168 3539 2403 3601 pueritiae
2427 3545 2523 3589 est.
2580 3541 2701 3590 Dis-

1635 3613 1823 3676 tinguit
1850 3614 1915 3662 ab
1939 3615 2114 3678 equite
2133 3614 2371 3663 Curiam:
2410 3616 2528 3664 Diis
2545 3616 2698 3665 advo-

1632 3696 1779 3738 catur
1821 3691 2105 3754 placandiS,
2148 3706 2452 3755 omnemque
2498 3700 2697 3742 vestem

1632 3765 1916 3814 illuminat:
1977 3768 2030 3815 in
2101 3768 2396 3830 triumphali
2449 3770 2698 3819 miscetur

1632 3841 1794 3890 auro!

1658 3921 1662 3925 “
1694 3917 1882 3966 Festus
1903 3934 1916 3965 ε
1954 3920 1970 3947 ‘
1994 3920 2189 3969 'Punica
2209 3927 2380 3970 autem
2405 3922 2632 3986 palmata
2656 3936 2696 3971 n

1629 3991 1904 4040 latitudine
1944 3994 2207 4043 clavorum
2246 3995 2537 4060 dicebatur,
2574 4013 2693 4063 quae

1629 4081 1766 4115 nunc
1809 4083 1839 4115 a
1879 4083 2067 4129 genere
2109 4067 2329 4134 picturae
2362 4073 2705 4136 appellatur!

1627 4138 1782 4192 Color
1800 4143 1922 4192 huic
1941 4145 2070 4194 vesti
2093 4150 2380 4214 purpureus
2396 4159 2521 4199 auro
2536 4151 2699 4199 inter-

1629 4223 1794 4270 texto.
1857 4218 2046 4274 suidas
2101 4230 2258 4273 vocat
2288 4226 2531 4290 χιτῶνας,
2565 4233 2692 4287 xm«.
