3100 4925
531 380 713 450 lm

1207 397 1298 461 ic..
1319 396 1707 458 ‚mausus
1749 397 2015 464 nom

2435 403 2532 474 {A-
2545 404 2750 462 um.

536 543 932 627 impunitate
969 548 1041 608 et
1082 545 1408 627 praemiis,
1443 546 1652 627 ‚atque
1698 546 1846 629 ipse
1893 544 2223 622 occultus⁰
2250 549 2321 610 et
2354 546 2745 631 plerumque

537 664 759 711 eoram
806 653 1244 729 prospectans
1269 667 1291 711 ι
1335 646 1577 724 donec,
1634 646 1925 714 discordi
1984 648 2257 732 populo,
2298 653 2374 714 ‘et
2426 650 2750 729 gravioris

537 835 692 885 tium
724 833 995 895 mimorum,
1030 833 1160 885 velut
1191 834 1247 884 in
1288 833 1549 883 certamina
1588 835 1912 897 eommutavit,
1944 834 2113 886 inultis
2133 836 2371 901 flagitiis,
2410 842 2460 887 et
2495 831 2759 901 largitione

539 899 829 965 proposita,
849 904 989 963 atque
1008 900 1111 964 ipse
1130 899 1336 961 abditus,
1355 905 1401 947 et
1420 913 1544 962 soepe
1565 914 1722 947 coram
1740 899 2060 962 prospiciens:
2094 904 2241 952 donec
2252 903 2526 952 seditionem
2544 907 2753 952 maome

1544 1027 1759 1079 NOTAE

605 1127 684 1176 Ut
728 1127 866 1190 apud
912 1126 1193 1190 Justinum,
1236 1129 1359 1178 lanoe
1398 1141 1515 1176 usus
1554 1141 1612 1182 ne

539 1202 757 1264 sectatu,
800 1202 938 1266 quod
987 1211 1090 1265 est,
1134 1204 1356 1252 vestium
1404 1217 1436 1251 e
1487 1202 1613 1252 lana

539 1294 659 1330 usus
678 1295 696 1339 ς
719 1279 956 1329 labor-ibus
974 1285 1022 1329 et
1047 1280 1199 1340 bellis,
1223 1296 1320 1343 pro
1341 1278 1612 1330 laboribus

541 1355 684 1406 belli.
749 1355 840 1404 Sic
879 1356 1117 1405 licentiam
1154 1356 1390 1404 ludicram
1418 1360 1467 1405 et
1493 1355 1614 1415 fau·

539 1437 669 1482 tores
688 1431 988 1493 histrionum,
1007 1434 1060 1481 id
1083 1438 1183 1493 est,
1202 1432 1464 1481 licentiam
1480 1430 1615 1481 ludi·

545 1522 687 1560 cram
709 1506 972 1557 fautorum
994 1508 1386 1559 histrionalium.
1425 1508 1615 1559 Grono-

545 1597 670 1633 eius.

607 1658 844 1709 Fautores
890 1658 1194 1724 histrionum]
1277 1657 1471 1709 Mirum
1513 1665 1615 1721 est,

546 1742 740 1800 quanto
763 1735 953 1784 ardore
986 1742 1042 1785 et
1079 1736 1321 1800 cupidine
1357 1737 1476 1784 ilios
1496 1749 1614 1799 pro-

546 1810 709 1859 secuti
767 1810 873 1859 sint
929 1812 1089 1861 etiam
1141 1812 1468 1861 illustrissimi
1516 1813 1614 1860 Ro-

544 1885 712 1935 mani:
747 1893 898 1948 puto,
933 1892 991 1936 et
1023 1886 1251 1937 foeminae
1285 1889 1515 1952 insignes
1536 1884 1614 1937 fa-

543 1976 669 2012 vere
693 1961 883 2012 talibus
906 1963 1165 2026 portentis
1204 1978 1370 2028 nsque
1397 1963 1463 2011 ad
1485 1961 1615 2012 infa-

547 2037 723 2086 mium.

610 2113 797 2162 senec.
819 2112 977 2177 epist.
999 2117 1083 2164 47.
1116 2081 1437 2163 ‘Ostendam
1468 2113 1615 2163 uobi-

544 2187 762 2239 lissimos
794 2189 1018 2253 juvenes
1050 2190 1308 2255 mancipia
1349 2189 1615 2241 Pantomi-

546 2265 782 2315 morum!

607 2339 743 2393 Tac.
777 2357 818 2393 ι.
853 2347 936 2393 77.
968 2343 985 2373 ‘
1006 2344 1087 2393 De
1130 2344 1283 2394 modo
1326 2343 1522 2394 lucaris
1561 2349 1616 2394 et

548 2413 797 2470 adversus
837 2420 1105 2470 iasciviam
1148 2420 1405 2472 fautorum
1449 2421 1618 2471 multa

547 2496 926 2556 decernuntur3
952 2511 1018 2545 ex
1058 2497 1245 2560 quibus
1289 2497 1509 2546 maxime
1542 2498 1618 2546 in-

543 2566 734 2636 signia:
772 2585 837 2620 ue
861 2571 1040 2621 domos
1063 2574 1505 2622 Pantomimorum
1528 2573 1618 2623 Se-

547 2642 702 2696 nator
746 2646 1013 2695 introiret:
1069 2661 1137 2695 ne
1182 2646 1516 2710 egredientes
1564 2648 1616 2696 in

551 2721 839 2787 publicum,
856 2721 1058 2786 equites
1080 2722 1297 2771 Romani
1320 2723 1617 2786 cingerent:

548 2805 640 2848 aut
662 2797 787 2849 alibi
809 2813 960 2863 quam
992 2799 1045 2847 in
1076 2799 1283 2848 theatro
1319 2807 1618 2864 spectaren-

525 2872 671 2929 tur?
733 2874 805 2924 Id
852 2881 950 2937 est,
992 2889 1059 2923 ne
1095 2875 1149 2923 in
1195 2874 1349 2924 domo
1392 2891 1500 2936 sua,
1532 2877 1618 2927 vel

544 2946 718 3000 'aliena
738 2950 999 3010 luderent,
1020 2964 1111 2999 seu
1129 2950 1337 2999 mimum
1361 2957 1595 3014 agerent.

617 3025 854 3091 Ideoque
872 3027 1064 3087 saepius
1088 3027 1247 3088 ejecti
1272 3041 1448 3088 scena,
1470 3027 1619 3089 urbe,

552 3100 727 3164 Italia,
749 3108 804 3149 et
835 3115 975 3163 saepe
1018 3100 1230 3161 redditi,
1265 3102 1355 3149 sed
1396 3109 1505 3149 turn
1543 3109 1621 3151 ta-

552 3190 688 3239 men,
706 3176 856 3225 sacris
876 3175 1211 3225 certaminibus
1221 3176 1471 3242 prohibiti,
1483 3184 1620 3228 teste

551 3248 758 3314 Tacito,
778 3252 815 3301 l.
841 3265 955 3301 xxv.

617 3329 780 3380 Certe
814 3344 1085 3394 procerum
1123 3331 1293 3393 multi,
1332 3338 1387 3381 et
1423 3331 1520 3382 viri
1565 3336 1621 3380 et

553 3406 774 3458 l'oemiuae
826 3423 944 3457 suos
1001 3407 1226 3459 habuere
1281 3409 1623 3472 pantomimos

555 3482 713 3547 domi,
733 3485 822 3550 qui
845 3486 983 3548 ipsos
1006 3487 1244 3548 privatim
1268 3477 1621 3536 oblectarent.

550 3559 640 3609 Sic
686 3556 926 3609 Domitia
981 3560 1227 3610 Paridem
1269 3561 1486 3620 habuit3
1545 3560 1620 3609 sie

556 3636 692 3705 apud
731 3637 959 3686 Plinium
994 3636 1255 3700 juniorem
1300 3634 1508 3685 foemina
1546 3636 1623 3686 in·

552 3711 712 3777 signis
731 3713 889 3775 habet
910 3714 1117 3762 mimum
1134 3714 1455 3762 collusorem.

538 3821 541 3824 -
619 3788 823 3852 Nempe
846 3789 941 3848 illi,
965 3790 1045 3837 vel
1070 3790 1222 3847 servi,
1243 3790 1329 3838 vel
1344 3780 1541 3849 uberti,
1564 3794 1622 3837 et

536 3861 622 3915 -Ob
665 3860 805 3912 illam
846 3872 1011 3912 artem
1056 3863 1407 3913 histrionicam
1446 3878 1622 3912 manu·

551 3936 778 3987 missiae
802 3937 1045 3986 libertate
1069 3937 1270 4000 donati,
1299 3952 1415 3987 eum
1448 3940 1621 3988 excel-

517 4052 521 4057 ,
552 4012 743 4061 lerent.
815 4014 883 4062 Et
905 4021 1052 4062 certe
1092 4014 1222 4062 mira
1261 4021 1317 4065 et
1351 4016 1622 4080 ingeniosa

552 4087 832 4139 admodum
855 4104 938 4138 ars
961 4089 1051 4138 illa
1072 4090 1389 4144 histrionice.

596 4164 821 4216 Seneca
840 4165 995 4230 epist.
1019 4171 1130 4217 12⁰.
1164 4168 1180 4194 ‘
1201 4166 1378 4221 Mirari
1397 4170 1622 4221 solemus

556 4239 729 4291 scenae
755 4241 969 4309 peritos,
999 4242 1175 4310 quod·
1161 4257 1215 4294 ιιι
1238 4259 1442 4299 omnem
1464 4247 1620 4325 signi-

1690 1126 1987 1177 ficationem
2029 1141 2202 1176 rerum
2241 1133 2299 1177 et
2341 1126 2623 1179 affectuum
2660 1141 2756 1191 pa-

1692 1210 1808 1253 rata
1830 1203 2028 1254 illorum
2051 1211 2132 1253 est
2153 1218 2353 1265 manus,
2386 1213 2442 1254 et
2477 1203 2757 1254 verborum
2830 1252 2837 1257 .

1690 1280 2019 1329 velocitatem
2041 1287 2219 1344 gestus
2238 1279 2558 1345 assequitur?

1758 1357 1828 1404 Et
1865 1357 2011 1405 Cass.
2053 1356 2091 1405 1.
2134 1370 2212 1405 xv.
2254 1347 2410 1418 epist,
2453 1356 2549 1405 ult.
2581 1354 2756 1406 ‘Hinc

1692 1438 1815 1480 sunt
1835 1430 2026 1480 addita·
2050 1430 2406 1492 horcistarum,
2428 1430 2507 1496 (id
2539 1436 2642 1492 est,
2660 1430 2756 1480 sal-

1693 1505 1941 1571 tantium)
1983 1507 2387 1572 ‘loquacissimas
2433 1522 2615 1556 manus
2656 1506 2755 1555 liu·

1691 1586 1834 1646 guosi
1872 1583 2038 1645 digiti,
2062 1585 2342 1633 clamosum
2362 1583 2643 1646 silentium,
2665 1599 2757 1633 ex-

1693 1659 1879 1722 positio
1902 1658 2098 1709 tacita!
2132 1660 2203 1709 Et
2224 1661 2381 1723 paulo
2405 1667 2554 1722 post:
2588 1664 2604 1690 ‘
2623 1661 2761 1709 Pau·

1693 1735 1904 1785 tomimo
1923 1734 2100 1797 igitur,
2117 1736 2200 1784 cui
2225 1750 2257 1784 a
2286 1734 2569 1785 multifaria
2590 1736 2762 1786 imitt-

1692 1813 1834 1862 tioue
1884 1828 2067 1863 nomen
2115 1820 2215 1876 est,
2266 1828 2384 1864 cum
2429 1815 2651 1878 primum
2701 1816 2756 1865 in

1691 1889 1900 1939 scenam
1926 1890 2184 1953 plausibus
2206 1885 2760 1957 invitatus'advenerit,

1692 1966 1942 2015 assistunt
1962 1967 2175 2016 consoni
2207 1967 2352 2017 chori
2374 1966 2591 2018 diversis
2612 1984 2762 2033 orga-

1693 2040 1774 2090 nis
1797 2041 2016 2102 eruditi,
2002 2057 2015 2070 ·
2050 2048 2162 2091 tum
2183 2043 2273 2092 illa
2296 2057 2536 2093 sensuum
2559 2059 2760 2109 manus,

1693 2117 1857 2165 oculis
1896 2131 2140 2167 canorum
2183 2132 2390 2167 carmen
2431 2119 2668 2182 exponit,
2701 2128 2760 2172 et

1694 2207 1791 2256 per
1829 2191 1981 2255 signa
2019 2193 2337 2280 composita,²
2366 2195 2513 2259 quasi
2551 2195 2759 2260 quibus-

1695 2268 1814 2317 dam
1847 2267 2035 2331 literis,
2071 2255 2256 2320 edocet
2295 2271 2543 2321 intuentis
2582 2287 2761 2336 aspece

1697 2351 1839 2406 tum;
1857 2344 1910 2393 in
1927 2346 2020 2394 illa
2039 2337 2280 2407 leguntiir
2297 2346 2474 2410 apices
2493 2363 2686 2412 rerum,
2703 2356 2758 2400 et

1695 2435 1798 2470 non
1822 2419 2100 2470 scribendo
2119 2410 2289 2483 doeet,
2321 2422 2459 2487 quod
2498 2426 2760 2488 scriptura

1696 2498 2009 2549 declaravit:
2063 2499 2202 2548 idem
2244 2515 2433 2562 corpus
2480 2492 2759 2569 Herculem

1697 2573 1953 2638 designat,
1973 2584 2031 2625 et
2050 2577 2307 2625 Venerem
2337 2575 2601 2627 foeminam
2629 2594 2760 2644 prae-

1697 2658 1889 2714 sentat,
1913 2660 1969 2702 et
2018 2653 2248 2703 Martem
2292 2668 2466 2717 regem
2516 2653 2663 2718 facit,
2703 2665 2758 2708 et

1696 2728 1909 2777 militem
1924 2743 2109 2784 senem
2134 2729 2324 2791 reddit,
2342 2739 2397 2779 et
2409 2731 2682 2794 juvenem,
2706 2732 2760 2783 in

1697 2818 1800 2852 uno
1833 2806 1991 2855 credo
2031 2822 2145 2856 esse
2181 2809 2370 2859 multos
2412 2810 2558 2858 varia
2593 2809 2762 2860 imita-

1697 2881 1840 2929 tione
1861 2881 2150 2932 discretos!

1761 2962 1787 2990 ¹¹
1827 2958 2001 3008 Velut
1983 2974 2035 3008 m
2051 2961 2220 3024 praelia
2240 2961 2498 3026 convertit]
2544 2962 2763 3015 Sueten.

1699 3031 1832 3083 Ner.
1872 3037 1958 3083 26.
2000 3035 2376 3102 ‘Interdiuque
2419 3040 2551 3088 clam
2594 3045 2763 3103 gesta-

1698 3109 1834 3158 toria
1857 3111 1984 3160 sella
2018 3110 2258 3161 delatus
2247 3128 2299 3162 ιιι
2324 3115 2602 3178 theatrum,
2633 3115 2765 3165 sedi·

1700 3185 1925 3235 tionibus
1978 3189 2415 3251 pantomimorum
2484 3205 2551 3241 ex
2615 3201 2766 3254 parte

1700 3262 1956 3325 proscenii
1979 3265 2249 3328 superiori,
2282 3265 2496 3329 signifer
2529 3268 2690 3319 simui
2702 3270 2765 3318 ac

1702 3345 1968 3401 spectator
1989 3341 2189 3391 aderat.
2254 3343 2323 3393 Et
2357 3358 2474 3394 cum
2497 3343 2562 3393 ad
2583 3358 2763 3394 manus

1702 3422 1914 3466 ventum
1955 3425 2114 3480 esset,
2145 3419 2512 3485 lapidibusque
2549 3425 2606 3469 et
2644 3419 2766 3468 sub·

1700 3492 1962 3559 seniorum
2001 3492 2340 3558 fragminibus
2377 3496 2766 3560 decerneretur,

1699 3568 1866 3617 multa
1885 3574 1941 3619 et
1964 3569 2074 3632 ipse
2087 3571 2224 3635 jecit
2246 3572 2298 3619 in
2322 3573 2766 3636 populum,atqne

1701 3642 1858 3692 etiam
1884 3646 2123 3707 praetoris
2146 3653 2307 3710 caput
2329 3647 2721 3697 consauciavit!
2742 3637 2748 3641 ’

1763 3727 1787 3753 ⁰
1817 3721 1976 3784 Atque
2017 3722 2117 3787 ipse
2151 3723 2379 3786 occultem]
2432 3723 2773 3791 Nonintelli-

1699 3795 1940 3859 gendum,
1963 3798 2106 3862 quasi
2142 3799 2256 3861 ipse
2288 3814 2345 3848 se
2385 3801 2674 3851 occultaret
2709 3800 2765 3851 iu

1701 3871 1875 3933 turba,
1895 3881 1985 3924 aut
2008 3874 2146 3924 inter
2167 3875 2446 3926 histriones
2483 3877 2767 3943 simul-eer-

1702 3953 1873 3996 tantes
1896 3966 1911 4009 ;
1951 3949 2040 3998 sed
2087 3948 2480 4014 intelligendum
2516 3965 2579 4005 eo
2609 3940 2764 4020 niodo

1702 4037 1757 4073 se
1781 4025 2067 4075 occultasse
2091 4027 2378 4088 Neronem,
2412 4042 2514 4092 quo
2536 4017 2767 4096 explieat

1696 4097 1846 4149 Suet.
1889 4099 2015 4151 Ner.
2038 4104 2120 4151 26.
2154 4101 2484 4173 ‘Delatusin
2505 4103 2766 4167 theatrum

1699 4188 1764 4225 ex
1789 4180 1941 4238 parte
1983 4167 2243 4251 proscaenii
2264 4178 2527 4249 superiori
2555 4174 2766 4251 signifer

1699 4250 1852 4302 simul
1875 4266 1938 4304 ac
1961 4258 2227 4325 spectator
2250 4253 2448 4316 aderat,
2480 4242 2537 4305 et
2558 4269 2676 4327 cum
2683 4255 2765 4308 ad
