<?xml version="1.0" encoding="UTF-8"?>
<!DOCTYPE html PUBLIC "-//W3C//DTD XHTML 1.0 Transitional//EN"
    "http://www.w3.org/TR/xhtml1/DTD/xhtml1-transitional.dtd">
<html xmlns="http://www.w3.org/1999/xhtml" xml:lang="en" lang="en">
 <head>
  <title>
</title>
<meta http-equiv="Content-Type" content="text/html;charset=utf-8" />
  <meta name='ocr-system' content='tesseract 3.04.00' />
  <meta name='ocr-capabilities' content='ocr_page ocr_carea ocr_par ocr_line ocrx_word'/>
</head>
<body>
  <div class='ocr_page' id='page_1' title='image "./operaomnia05unkngoog/operaomnia05unkngoog_0102.png"; bbox 0 0 3100 4925; ppageno 0'>
   <div class='ocr_carea' id='block_1_1' title="bbox 476 384 655 486">
    <p class='ocr_par' dir='ltr' id='par_1_1' title="bbox 476 384 655 486">
     <span class='ocr_line' id='line_1_1' title="bbox 476 384 655 486; baseline 0.011 -1"><span class='ocrx_word' id='word_1_1' title='bbox 476 384 655 486; x_wconf 60' lang='lat'><strong>12³⁴</strong></span> 
     </span>
    </p>
   </div>
   <div class='ocr_carea' id='block_1_2' title="bbox 469 542 2685 1243">
    <p class='ocr_par' dir='ltr' id='par_1_2' title="bbox 472 542 2685 1033">
     <span class='ocr_line' id='line_1_2' title="bbox 478 542 2682 636; baseline 0.002 -22"><span class='ocrx_word' id='word_1_2' title='bbox 478 553 500 582; x_wconf 90' lang='lat'>‘</span> <span class='ocrx_word' id='word_1_3' title='bbox 531 546 903 631; x_wconf 63' lang='lat' dir='ltr'><strong>majorum:</strong></span> <span class='ocrx_word' id='word_1_4' title='bbox 928 545 1046 629; x_wconf 86' lang='lat' dir='ltr'><strong>qui</strong></span> <span class='ocrx_word' id='word_1_5' title='bbox 1089 544 1504 610; x_wconf 74' lang='lat' dir='ltr'><strong>Dictator-em</strong></span> <span class='ocrx_word' id='word_1_6' title='bbox 1532 542 1876 610; x_wconf 79' lang='lat' dir='ltr'><strong>Caesarem</strong></span> <span class='ocrx_word' id='word_1_7' title='bbox 1902 548 2316 631; x_wconf 74' lang='lat' dir='ltr'><strong>pepulissent</strong></span> <span class='ocrx_word' id='word_1_8' title='bbox 2333 572 2355 617; x_wconf 76' lang='lat' dir='ltr'><strong>t</strong></span> <span class='ocrx_word' id='word_1_9' title='bbox 2399 572 2682 636; x_wconf 87' lang='lat' dir='ltr'><strong>quorum</strong></span> 
     </span>
     <span class='ocr_line' id='line_1_3' title="bbox 475 646 2685 736; baseline 0.001 -20"><span class='ocrx_word' id='word_1_10' title='bbox 475 651 717 717; x_wconf 79' lang='lat' dir='ltr'><strong>virtute</strong></span> <span class='ocrx_word' id='word_1_11' title='bbox 744 649 944 713; x_wconf 84' lang='lat' dir='ltr'><strong>vacui</strong></span> <span class='ocrx_word' id='word_1_12' title='bbox 969 667 1012 712; x_wconf 86' lang='lat' dir='ltr'><strong>a</strong></span> <span class='ocrx_word' id='word_1_13' title='bbox 1037 649 1385 715; x_wconf 76' lang='lat' dir='ltr'><strong>securibus</strong></span> <span class='ocrx_word' id='word_1_14' title='bbox 1429 654 1495 712; x_wconf 92' lang='lat' dir='ltr'><strong>et</strong></span> <span class='ocrx_word' id='word_1_15' title='bbox 1535 646 1851 727; x_wconf 55' lang='lat' dir='ltr'><strong>tributis?</strong></span> <span class='ocrx_word' id='word_1_16' title='bbox 1898 649 2289 716; x_wconf 82' lang='lat' dir='ltr'><strong>intemerata</strong></span> <span class='ocrx_word' id='word_1_17' title='bbox 2330 654 2685 736; x_wconf 79' lang='lat' dir='ltr'><strong>conjug-um</strong></span> 
     </span>
     <span class='ocr_line' id='line_1_4' title="bbox 472 750 2678 836; baseline 0.003 -22"><span class='ocrx_word' id='word_1_18' title='bbox 472 755 540 815; x_wconf 87' lang='lat' dir='ltr'><strong>et</strong></span> <span class='ocrx_word' id='word_1_19' title='bbox 564 751 911 814; x_wconf 81' lang='lat' dir='ltr'><strong>liberorum</strong></span> <span class='ocrx_word' id='word_1_20' title='bbox 953 758 1274 833; x_wconf 75' lang='lat' dir='ltr'><strong>corporau</strong></span> <span class='ocrx_word' id='word_1_21' title='bbox 1302 750 1690 815; x_wconf 64' lang='lat' dir='ltr'><strong>retinerent?</strong></span> <span class='ocrx_word' id='word_1_22' title='bbox 1779 751 1958 816; x_wconf 83' lang='lat' dir='ltr'><strong>Haec</strong></span> <span class='ocrx_word' id='word_1_23' title='bbox 1997 756 2195 836; x_wconf 84' lang='lat' dir='ltr'><strong>atque</strong></span> <span class='ocrx_word' id='word_1_24' title='bbox 2225 755 2384 818; x_wconf 87' lang='lat' dir='ltr'><strong>talia</strong></span> <span class='ocrx_word' id='word_1_25' title='bbox 2410 755 2678 833; x_wconf 87' lang='lat' dir='ltr'><strong>dicenti,</strong></span> 
     </span>
     <span class='ocr_line' id='line_1_5' title="bbox 469 851 2678 938; baseline 0.001 -20.007"><span class='ocrx_word' id='word_1_26' title='bbox 469 858 803 936; x_wconf 85' lang='lat' dir='ltr'><strong>astrepere</strong></span> <span class='ocrx_word' id='word_1_27' title='bbox 829 853 1103 933; x_wconf 82' lang='lat' dir='ltr'><strong>vulgus;</strong></span> <span class='ocrx_word' id='word_1_28' title='bbox 1150 852 1376 934; x_wconf 83' lang='lat' dir='ltr'>gentili</span> <span class='ocrx_word' id='word_1_29' title='bbox 1414 851 1702 936; x_wconf 87' lang='lat' dir='ltr'><strong>quisque</strong></span> <span class='ocrx_word' id='word_1_30' title='bbox 1746 853 2066 935; x_wconf 84' lang='lat' dir='ltr'><strong>religione</strong></span> <span class='ocrx_word' id='word_1_31' title='bbox 2102 855 2477 938; x_wconf 77' lang='lat' dir='ltr'><strong>obstringi,&#39;</strong></span> <span class='ocrx_word' id='word_1_32' title='bbox 2506 860 2527 888; x_wconf 92' lang='lat'>‘</span> <span class='ocrx_word' id='word_1_33' title='bbox 2544 875 2678 921; x_wconf 86' lang='grc'>11011</span> 
     </span>
     <span class='ocr_line' id='line_1_6' title="bbox 475 952 1598 1033; baseline -0.003 -13"><span class='ocrx_word' id='word_1_34' title='bbox 475 955 647 1033; x_wconf 80' lang='lat' dir='ltr'><strong>telis,</strong></span> <span class='ocrx_word' id='word_1_35' title='bbox 675 975 811 1020; x_wconf 85' lang='lat' dir='ltr'><strong>non</strong></span> <span class='ocrx_word' id='word_1_36' title='bbox 831 955 1218 1019; x_wconf 82' lang='lat' dir='ltr'><strong>vulneribus</strong></span> <span class='ocrx_word' id='word_1_37' title='bbox 1249 952 1598 1019; x_wconf 66' lang='lat' dir='ltr'><strong>cessuros?</strong></span> 
     </span>
    </p>

    <p class='ocr_par' dir='ltr' id='par_1_3' title="bbox 473 1006 2682 1243">
     <span class='ocr_line' id='line_1_7' title="bbox 553 1006 2675 1139; baseline 0 -18"><span class='ocrx_word' id='word_1_38' title='bbox 553 1057 666 1121; x_wconf 81' lang='lat'><strong>35.</strong></span> <span class='ocrx_word' id='word_1_39' title='bbox 713 1054 1170 1139; x_wconf 80' lang='lat' dir='ltr'><strong>Obstupefecit</strong></span> <span class='ocrx_word' id='word_1_40' title='bbox 1217 1075 1299 1119; x_wconf 90' lang='lat' dir='ltr'><strong>ea</strong></span> <span class='ocrx_word' id='word_1_41' title='bbox 1346 1054 1658 1119; x_wconf 82' lang='lat' dir='ltr'><strong>alacritas</strong></span> <span class='ocrx_word' id='word_1_42' title='bbox 1707 1055 1965 1122; x_wconf 86' lang='lat' dir='ltr'><strong>Ducem</strong></span> <span class='ocrx_word' id='word_1_43' title='bbox 2013 1006 2427 1124; x_wconf 81' lang='lat' dir='ltr'><strong>Romanum:</strong></span> <span class='ocrx_word' id='word_1_44' title='bbox 2475 1050 2675 1122; x_wconf 87' lang='lat' dir='ltr'><strong>simul</strong></span> 
     </span>
     <span class='ocr_line' id='line_1_8' title="bbox 473 1156 2682 1243; baseline 0.002 -22"><span class='ocrx_word' id='word_1_45' title='bbox 473 1157 775 1243; x_wconf 88' lang='lat' dir='ltr'><strong>objectus</strong></span> <span class='ocrx_word' id='word_1_46' title='bbox 827 1160 1060 1236; x_wconf 83' lang='lat' dir='ltr'><strong>amniS,</strong></span> <span class='ocrx_word' id='word_1_47' title='bbox 1109 1156 1410 1222; x_wconf 84' lang='lat' dir='ltr'><strong>additum</strong></span> <span class='ocrx_word' id='word_1_48' title='bbox 1456 1157 1729 1236; x_wconf 80' lang='lat' dir='ltr'><strong>vallum,</strong></span> <span class='ocrx_word' id='word_1_49' title='bbox 1732 1165 1771 1192; x_wconf 69' lang='lat'><strong>&#39;⁷</strong></span> <span class='ocrx_word' id='word_1_50' title='bbox 1820 1158 2229 1223; x_wconf 86' lang='lat' dir='ltr'><strong>imminentia</strong></span> <span class='ocrx_word' id='word_1_51' title='bbox 2275 1159 2465 1243; x_wconf 86' lang='lat' dir='ltr'><strong>juga,</strong></span> <span class='ocrx_word' id='word_1_52' title='bbox 2517 1161 2682 1225; x_wconf 81' lang='lat' dir='ltr'><strong>nihil</strong></span> 
     </span>
    </p>
   </div>
   <div class='ocr_carea' id='block_1_3' title="bbox 1189 404 2680 478">
    <p class='ocr_par' dir='ltr' id='par_1_4' title="bbox 1189 404 2680 478">
     <span class='ocr_line' id='line_1_9' title="bbox 1189 404 2680 478; baseline 0.01 -26"><span class='ocrx_word' id='word_1_53' title='bbox 1189 405 1254 453; x_wconf 76' lang='lat'><strong>0.</strong></span> <span class='ocrx_word' id='word_1_54' title='bbox 1302 404 1676 475; x_wconf 50' lang='lat' dir='ltr'><strong>comtum}</strong></span> <span class='ocrx_word' id='word_1_55' title='bbox 1713 404 1967 454; x_wconf 55' lang='lat' dir='ltr'><strong>&#39;tuom</strong></span> <span class='ocrx_word' id='word_1_56' title='bbox 2356 412 2447 478; x_wconf 77' lang='lat' dir='ltr'><strong>[A.</strong></span> <span class='ocrx_word' id='word_1_57' title='bbox 2472 412 2539 465; x_wconf 85' lang='lat' dir='ltr'><strong>U.</strong></span> <span class='ocrx_word' id='word_1_58' title='bbox 2563 418 2680 466; x_wconf 75' lang='lat' dir='ltr'><strong>su.</strong></span> 
     </span>
    </p>
   </div>
   <div class='ocr_carea' id='block_1_4' title="bbox 465 1331 2679 1755">
    <p class='ocr_par' dir='ltr' id='par_1_5' title="bbox 465 1331 2674 1591">
     <span class='ocr_line' id='line_1_10' title="bbox 465 1331 2670 1398; baseline 0 -15"><span class='ocrx_word' id='word_1_59' title='bbox 465 1334 555 1398; x_wconf 85' lang='lat' dir='ltr'><strong>qui</strong></span> <span class='ocrx_word' id='word_1_60' title='bbox 587 1333 899 1384; x_wconf 84' lang='lat' dir='ltr'><strong>dictatorem</strong></span> <span class='ocrx_word' id='word_1_61' title='bbox 922 1334 1174 1383; x_wconf 79' lang='lat' dir='ltr'><strong>Caesarem</strong></span> <span class='ocrx_word' id='word_1_62' title='bbox 1210 1332 1547 1397; x_wconf 84' lang='lat' dir='ltr'><strong>dejecissent:</strong></span> <span class='ocrx_word' id='word_1_63' title='bbox 1585 1348 1804 1396; x_wconf 89' lang='lat' dir='ltr'><strong>quornm</strong></span> <span class='ocrx_word' id='word_1_64' title='bbox 1837 1331 2142 1385; x_wconf 84' lang='lat' dir='ltr'><strong>fortitudine</strong></span> <span class='ocrx_word' id='word_1_65' title='bbox 2173 1335 2365 1384; x_wconf 86' lang='lat' dir='ltr'><strong>exemti</strong></span> <span class='ocrx_word' id='word_1_66' title='bbox 2390 1349 2420 1383; x_wconf 88' lang='lat' dir='ltr'><strong>a</strong></span> <span class='ocrx_word' id='word_1_67' title='bbox 2442 1335 2670 1386; x_wconf 79' lang='lat' dir='ltr'><strong>fascibus</strong></span> 
     </span>
     <span class='ocr_line' id='line_1_11' title="bbox 468 1396 2674 1461; baseline 0 -13"><span class='ocrx_word' id='word_1_68' title='bbox 468 1404 524 1448; x_wconf 87' lang='lat' dir='ltr'><strong>et</strong></span> <span class='ocrx_word' id='word_1_69' title='bbox 543 1396 901 1461; x_wconf 82' lang='lat' dir='ltr'><strong>vectigalibus,</strong></span> <span class='ocrx_word' id='word_1_70' title='bbox 934 1398 1187 1446; x_wconf 82' lang='lat' dir='ltr'><strong>illibatam</strong></span> <span class='ocrx_word' id='word_1_71' title='bbox 1212 1411 1427 1445; x_wconf 84' lang='lat' dir='ltr'><strong>uxorum</strong></span> <span class='ocrx_word' id='word_1_72' title='bbox 1460 1405 1515 1445; x_wconf 91' lang='lat' dir='ltr'><strong>et</strong></span> <span class='ocrx_word' id='word_1_73' title='bbox 1547 1397 1767 1445; x_wconf 81' lang='lat' dir='ltr'><strong>filiorum</strong></span> <span class='ocrx_word' id='word_1_74' title='bbox 1807 1398 2110 1460; x_wconf 84' lang='lat' dir='ltr'><strong>pudicitiam</strong></span> <span class='ocrx_word' id='word_1_75' title='bbox 2147 1399 2414 1449; x_wconf 83' lang='lat' dir='ltr'><strong>haberent.</strong></span> <span class='ocrx_word' id='word_1_76' title='bbox 2481 1401 2605 1449; x_wconf 81' lang='lat' dir='ltr'><strong>Hoec</strong></span> <span class='ocrx_word' id='word_1_77' title='bbox 2625 1405 2674 1449; x_wconf 70' lang='lat' dir='ltr'><strong>et</strong></span> 
     </span>
     <span class='ocr_line' id='line_1_12' title="bbox 469 1461 2674 1527; baseline 0.001 -16"><span class='ocrx_word' id='word_1_78' title='bbox 469 1462 648 1511; x_wconf 75' lang='lat' dir='ltr'><strong>similia</strong></span> <span class='ocrx_word' id='word_1_79' title='bbox 669 1462 922 1510; x_wconf 79' lang='lat' dir='ltr'><strong>obtestanti</strong></span> <span class='ocrx_word' id='word_1_80' title='bbox 940 1461 1287 1509; x_wconf 72' lang='lat' dir='ltr'><strong>assevztiebatur</strong></span> <span class='ocrx_word' id='word_1_81' title='bbox 1306 1463 1505 1522; x_wconf 80' lang='lat' dir='ltr'><strong>vulgus,-</strong></span> <span class='ocrx_word' id='word_1_82' title='bbox 1536 1467 1582 1509; x_wconf 76' lang='lat' dir='ltr'><strong>et</strong></span> <span class='ocrx_word' id='word_1_83' title='bbox 1601 1462 1764 1524; x_wconf 78' lang='lat' dir='ltr'><strong>patrio</strong></span> <span class='ocrx_word' id='word_1_84' title='bbox 1793 1463 1984 1525; x_wconf 78' lang='lat' dir='ltr'><strong>quisque</strong></span> <span class='ocrx_word' id='word_1_85' title='bbox 2003 1464 2104 1512; x_wconf 77' lang='lat' dir='ltr'><strong>ritu</strong></span> <span class='ocrx_word' id='word_1_86' title='bbox 2124 1463 2421 1524; x_wconf 76' lang='lat' dir='ltr'><strong>adigebatur,</strong></span> <span class='ocrx_word' id='word_1_87' title='bbox 2435 1463 2674 1527; x_wconf 86' lang='lat' dir='ltr'><strong>jurabat-</strong></span> 
     </span>
     <span class='ocr_line' id='line_1_13' title="bbox 472 1522 1944 1591; baseline 0.001 -18"><span class='ocrx_word' id='word_1_88' title='bbox 472 1540 593 1591; x_wconf 87' lang='lat' dir='ltr'><strong>que,</strong></span> <span class='ocrx_word' id='word_1_89' title='bbox 623 1540 725 1574; x_wconf 89' lang='grc'>11011</span> <span class='ocrx_word' id='word_1_90' title='bbox 747 1522 903 1585; x_wconf 86' lang='lat' dir='ltr'><strong>ferro,</strong></span> <span class='ocrx_word' id='word_1_91' title='bbox 926 1539 1026 1574; x_wconf 89' lang='lat' dir='ltr'><strong>nou</strong></span> <span class='ocrx_word' id='word_1_92' title='bbox 1049 1526 1237 1588; x_wconf 81' lang='lat' dir='ltr'><strong>plagis,</strong></span> <span class='ocrx_word' id='word_1_93' title='bbox 1260 1532 1351 1574; x_wconf 88' lang='lat' dir='ltr'><strong>aut</strong></span> <span class='ocrx_word' id='word_1_94' title='bbox 1367 1526 1670 1573; x_wconf 84' lang='lat' dir='ltr'><strong>vulneribus</strong></span> <span class='ocrx_word' id='word_1_95' title='bbox 1694 1540 1944 1575; x_wconf 84' lang='lat' dir='ltr'><strong>cessuros.</strong></span> 
     </span>
    </p>

    <p class='ocr_par' dir='ltr' id='par_1_6' title="bbox 466 1590 2679 1718">
     <span class='ocr_line' id='line_1_14' title="bbox 536 1590 2679 1655; baseline 0 -18"><span class='ocrx_word' id='word_1_96' title='bbox 536 1590 590 1637; x_wconf 80' lang='grc'><strong>18</strong></span> <span class='ocrx_word' id='word_1_97' title='bbox 608 1592 749 1638; x_wconf 78' lang='lat' dir='ltr'><strong>ardor</strong></span> <span class='ocrx_word' id='word_1_98' title='bbox 770 1590 991 1638; x_wconf 84' lang='lat' dir='ltr'><strong>hostium</strong></span> <span class='ocrx_word' id='word_1_99' title='bbox 1024 1592 1187 1638; x_wconf 83' lang='lat' dir='ltr'><strong>ducem</strong></span> <span class='ocrx_word' id='word_1_100' title='bbox 1220 1591 1486 1638; x_wconf 78' lang='lat' dir='ltr'><strong>Romanum</strong></span> <span class='ocrx_word' id='word_1_101' title='bbox 1521 1591 1779 1647; x_wconf 76' lang='lat' dir='ltr'><strong>attonitum</strong></span> <span class='ocrx_word' id='word_1_102' title='bbox 1808 1590 2176 1647; x_wconf 69' lang='lat' dir='ltr'><strong>habuit53imu1</strong></span> <span class='ocrx_word' id='word_1_103' title='bbox 2202 1593 2458 1655; x_wconf 77' lang='lat' dir='ltr'><strong>oppositum</strong></span> <span class='ocrx_word' id='word_1_104' title='bbox 2474 1590 2679 1654; x_wconf 77' lang='lat' dir='ltr'><strong>flumen,</strong></span> 
     </span>
     <span class='ocr_line' id='line_1_15' title="bbox 466 1653 2678 1755; baseline 0 -52"><span class='ocrx_word' id='word_1_105' title='bbox 466 1654 736 1755; x_wconf 71' lang='lat' dir='ltr'><strong>adjunctum</strong></span> <span class='ocrx_word' id='word_1_106' title='bbox 756 1654 1109 1716; x_wconf 73' lang='lat' dir='ltr'><strong>vnunimentum,</strong></span> <span class='ocrx_word' id='word_1_107' title='bbox 1128 1654 1401 1715; x_wconf 59' lang='lat' dir='ltr'><strong>ingruentia</strong></span> <span class='ocrx_word' id='word_1_108' title='bbox 1423 1654 1674 1704; x_wconf 89' lang='lat' dir='ltr'><strong>montium</strong></span> <span class='ocrx_word' id='word_1_109' title='bbox 1696 1654 1920 1718; x_wconf 76' lang='lat' dir='ltr'><strong>culmina,</strong></span> <span class='ocrx_word' id='word_1_110' title='bbox 1945 1655 2066 1703; x_wconf 75' lang='lat' dir='ltr'><strong>nihil</strong></span> <span class='ocrx_word' id='word_1_111' title='bbox 2084 1655 2177 1704; x_wconf 72' lang='lat' dir='ltr'><strong>nisi</strong></span> <span class='ocrx_word' id='word_1_112' title='bbox 2210 1657 2427 1716; x_wconf 82' lang='lat' dir='ltr'><strong>immane,</strong></span> <span class='ocrx_word' id='word_1_113' title='bbox 2449 1661 2498 1704; x_wconf 82' lang='lat' dir='ltr'><strong>et</strong></span> <span class='ocrx_word' id='word_1_114' title='bbox 2518 1653 2678 1715; x_wconf 78' lang='lat' dir='ltr'><strong>defen·</strong></span> 
     </span>
    </p>
   </div>
   <div class='ocr_carea' id='block_1_5' title="bbox 1466 1784 1679 1834">
    <p class='ocr_par' dir='ltr' id='par_1_7' title="bbox 1466 1784 1679 1834">
     <span class='ocr_line' id='line_1_16' title="bbox 1466 1784 1679 1834; baseline -0.009 0"><span class='ocrx_word' id='word_1_115' title='bbox 1466 1785 1513 1834; x_wconf 92' lang='lat' dir='ltr'>N</span> <span class='ocrx_word' id='word_1_116' title='bbox 1521 1784 1679 1834; x_wconf 80' lang='lat' dir='ltr'><strong>OTAE</strong></span> 
     </span>
    </p>
   </div>
   <div class='ocr_carea' id='block_1_6' title="bbox 437 1894 2676 3098">
    <p class='ocr_par' dir='ltr' id='par_1_8' title="bbox 466 1894 2676 2260">
     <span class='ocr_line' id='line_1_17' title="bbox 532 1894 2671 1964; baseline -0 -16"><span class='ocrx_word' id='word_1_117' title='bbox 532 1903 552 1929; x_wconf 85' lang='lat'>⁸</span> <span class='ocrx_word' id='word_1_118' title='bbox 590 1897 884 1964; x_wconf 78' lang='lat' dir='ltr'><strong>Vocabatque</strong></span> <span class='ocrx_word' id='word_1_119' title='bbox 927 1901 1117 1950; x_wconf 77' lang='lat' dir='ltr'><strong>nomina</strong></span> <span class='ocrx_word' id='word_1_120' title='bbox 1160 1900 1410 1963; x_wconf 78' lang='lat' dir='ltr'><strong>majorum]</strong></span> <span class='ocrx_word' id='word_1_121' title='bbox 1461 1899 1528 1947; x_wconf 90' lang='lat' dir='ltr'><strong>In</strong></span> <span class='ocrx_word' id='word_1_122' title='bbox 1609 1899 1867 1962; x_wconf 78' lang='lat' dir='ltr'><strong>legionum</strong></span> <span class='ocrx_word' id='word_1_123' title='bbox 1881 1898 2114 1962; x_wconf 84' lang='lat' dir='ltr'><strong>hyberna</strong></span> <span class='ocrx_word' id='word_1_124' title='bbox 2127 1897 2412 1947; x_wconf 86' lang='lat' dir='ltr'><strong>constituit.</strong></span> <span class='ocrx_word' id='word_1_125' title='bbox 2462 1894 2671 1947; x_wconf 74' lang='lat' dir='ltr'><strong>Eoduae</strong></span> 
     </span>
     <span class='ocr_line' id='line_1_18' title="bbox 466 1971 2676 2039; baseline -0.001 -15"><span class='ocrx_word' id='word_1_126' title='bbox 466 1974 765 2024; x_wconf 83' lang='lat' dir='ltr'><strong>memoriam</strong></span> <span class='ocrx_word' id='word_1_127' title='bbox 783 1976 1065 2025; x_wconf 83' lang='lat' dir='ltr'><strong>revocabat</strong></span> <span class='ocrx_word' id='word_1_128' title='bbox 1087 1977 1430 2039; x_wconf 83' lang='lat' dir='ltr'><strong>laudabatque</strong></span> <span class='ocrx_word' id='word_1_129' title='bbox 1451 1991 1530 2024; x_wconf 79' lang='lat' dir='ltr'><strong>no-</strong></span> <span class='ocrx_word' id='word_1_130' title='bbox 1609 1974 1813 2023; x_wconf 86' lang='lat' dir='ltr'><strong>omnino</strong></span> <span class='ocrx_word' id='word_1_131' title='bbox 1832 1974 2072 2023; x_wconf 85' lang='lat' dir='ltr'><strong>civitates</strong></span> <span class='ocrx_word' id='word_1_132' title='bbox 2090 1988 2153 2022; x_wconf 82' lang='lat' dir='ltr'><strong>ex</strong></span> <span class='ocrx_word' id='word_1_133' title='bbox 2170 1972 2442 2023; x_wconf 79' lang='lat' dir='ltr'><strong>Britannia</strong></span> <span class='ocrx_word' id='word_1_134' title='bbox 2464 1971 2676 2021; x_wconf 80' lang='lat' dir='ltr'><strong>obsides</strong></span> 
     </span>
     <span class='ocr_line' id='line_1_19' title="bbox 466 2046 2675 2111; baseline -0 -13"><span class='ocrx_word' id='word_1_135' title='bbox 466 2047 595 2098; x_wconf 72' lang='lat' dir='ltr'><strong>utine</strong></span> <span class='ocrx_word' id='word_1_136' title='bbox 617 2047 896 2109; x_wconf 86' lang='lat' dir='ltr'><strong>priscorum</strong></span> <span class='ocrx_word' id='word_1_137' title='bbox 930 2050 1118 2099; x_wconf 87' lang='lat' dir='ltr'><strong>ducum</strong></span> <span class='ocrx_word' id='word_1_138' title='bbox 1139 2049 1530 2108; x_wconf 83' lang='lat' dir='ltr'><strong>Britannorum,-</strong></span> <span class='ocrx_word' id='word_1_139' title='bbox 1607 2048 1874 2110; x_wconf 86' lang='lat' dir='ltr'><strong>miserunt,</strong></span> <span class='ocrx_word' id='word_1_140' title='bbox 1907 2048 2119 2111; x_wconf 60' lang='lat' dir='ltr'><strong>reliqua!</strong></span> <span class='ocrx_word' id='word_1_141' title='bbox 2139 2046 2511 2110; x_wconf 66' lang='lat' dir='ltr'><strong>neglexerunt?</strong></span> <span class='ocrx_word' id='word_1_142' title='bbox 2560 2048 2675 2097; x_wconf 56' lang='lat' dir='ltr'><strong>Uti-⁴</strong></span> 
     </span>
     <span class='ocr_line' id='line_1_20' title="bbox 466 2121 2666 2185; baseline 0.001 -15"><span class='ocrx_word' id='word_1_143' title='bbox 466 2122 556 2185; x_wconf 86' lang='lat' dir='ltr'><strong>qui</strong></span> <span class='ocrx_word' id='word_1_144' title='bbox 580 2121 770 2170; x_wconf 85' lang='lat' dir='ltr'><strong>virtute</strong></span> <span class='ocrx_word' id='word_1_145' title='bbox 808 2137 901 2170; x_wconf 89' lang='lat' dir='ltr'><strong>sua</strong></span> <span class='ocrx_word' id='word_1_146' title='bbox 934 2122 1243 2171; x_wconf 89' lang='lat' dir='ltr'><strong>dictatorem</strong></span> <span class='ocrx_word' id='word_1_147' title='bbox 1267 2123 1526 2172; x_wconf 84' lang='lat' dir='ltr'><strong>Caesarem</strong></span> <span class='ocrx_word' id='word_1_148' title='bbox 1608 2122 1674 2170; x_wconf 88' lang='lat' dir='ltr'><strong>de</strong></span> <span class='ocrx_word' id='word_1_149' title='bbox 1698 2129 1863 2185; x_wconf 89' lang='lat' dir='ltr'><strong>patet,</strong></span> <span class='ocrx_word' id='word_1_150' title='bbox 1896 2137 1952 2170; x_wconf 90' lang='lat' dir='ltr'><strong>re</strong></span> <span class='ocrx_word' id='word_1_151' title='bbox 1976 2121 2191 2185; x_wconf 87' lang='lat' dir='ltr'><strong>infecta,</strong></span> <span class='ocrx_word' id='word_1_152' title='bbox 2225 2123 2531 2172; x_wconf 79' lang='lat' dir='ltr'><strong>abscessisse</strong></span> <span class='ocrx_word' id='word_1_153' title='bbox 2554 2123 2666 2172; x_wconf 79' lang='lat' dir='ltr'><strong>(3ae-</strong></span> 
     </span>
     <span class='ocr_line' id='line_1_21' title="bbox 466 2197 1793 2260; baseline 0.002 -15"><span class='ocrx_word' id='word_1_154' title='bbox 466 2197 586 2246; x_wconf 82' lang='lat' dir='ltr'><strong>olim</strong></span> <span class='ocrx_word' id='word_1_155' title='bbox 611 2211 675 2245; x_wconf 88' lang='lat' dir='ltr'><strong>ex</strong></span> <span class='ocrx_word' id='word_1_156' title='bbox 698 2197 862 2244; x_wconf 76' lang='lat' dir='ltr'><strong>insuia</strong></span> <span class='ocrx_word' id='word_1_157' title='bbox 884 2198 1168 2260; x_wconf 81' lang='lat' dir='ltr'><strong>ejecerant.</strong></span> <span class='ocrx_word' id='word_1_158' title='bbox 1610 2212 1793 2248; x_wconf 88' lang='lat' dir='ltr'><strong>sarem.</strong></span> 
     </span>
    </p>

    <p class='ocr_par' dir='ltr' id='par_1_9' title="bbox 460 2272 2671 2568">
     <span class='ocr_line' id='line_1_22' title="bbox 530 2272 2671 2337; baseline 0.001 -17"><span class='ocrx_word' id='word_1_159' title='bbox 530 2273 737 2321; x_wconf 76' lang='lat' dir='ltr'><strong>Nomina</strong></span> <span class='ocrx_word' id='word_1_160' title='bbox 757 2273 1008 2336; x_wconf 74' lang='lat' dir='ltr'><strong>majorum]</strong></span> <span class='ocrx_word' id='word_1_161' title='bbox 1042 2275 1164 2337; x_wconf 84' lang='lat' dir='ltr'><strong>Ipse</strong></span> <span class='ocrx_word' id='word_1_162' title='bbox 1183 2276 1359 2324; x_wconf 83' lang='lat' dir='ltr'><strong>Caesar</strong></span> <span class='ocrx_word' id='word_1_163' title='bbox 1371 2274 1526 2323; x_wconf 83' lang='lat' dir='ltr'><strong>aliter</strong></span> <span class='ocrx_word' id='word_1_164' title='bbox 1666 2274 1683 2306; x_wconf 72' lang='lat'>‘</span> <span class='ocrx_word' id='word_1_165' title='bbox 1721 2274 1867 2324; x_wconf 76' lang='lat' dir='ltr'><strong>Vacui</strong></span> <span class='ocrx_word' id='word_1_166' title='bbox 1906 2288 1936 2322; x_wconf 82' lang='grc'><strong>11</strong></span> <span class='ocrx_word' id='word_1_167' title='bbox 1972 2272 2207 2322; x_wconf 55' lang='lat' dir='ltr'><strong>securibus</strong></span> <span class='ocrx_word' id='word_1_168' title='bbox 2246 2277 2295 2321; x_wconf 76' lang='lat' dir='ltr'><strong>et</strong></span> <span class='ocrx_word' id='word_1_169' title='bbox 2330 2273 2547 2336; x_wconf 67' lang='lat' dir='ltr'><strong>tributis]</strong></span> <span class='ocrx_word' id='word_1_170' title='bbox 2601 2272 2671 2323; x_wconf 65' lang='lat' dir='ltr'><strong>la</strong></span> 
     </span>
     <span class='ocr_line' id='line_1_23' title="bbox 463 2348 2665 2416; baseline -0 -17"><span class='ocrx_word' id='word_1_171' title='bbox 463 2350 676 2400; x_wconf 81' lang='lat' dir='ltr'><strong>scribit:</strong></span> <span class='ocrx_word' id='word_1_172' title='bbox 713 2364 831 2400; x_wconf 85' lang='lat' dir='ltr'><strong>uam</strong></span> <span class='ocrx_word' id='word_1_173' title='bbox 868 2353 1043 2402; x_wconf 86' lang='lat' dir='ltr'><strong>multis</strong></span> <span class='ocrx_word' id='word_1_174' title='bbox 1076 2353 1266 2416; x_wconf 82' lang='lat' dir='ltr'><strong>praeliis</strong></span> <span class='ocrx_word' id='word_1_175' title='bbox 1291 2365 1377 2400; x_wconf 89' lang='lat' dir='ltr'><strong>eos</strong></span> <span class='ocrx_word' id='word_1_176' title='bbox 1401 2365 1521 2401; x_wconf 86' lang='grc'>0011-</span> <span class='ocrx_word' id='word_1_177' title='bbox 1603 2355 1704 2409; x_wconf 88' lang='lat' dir='ltr'><strong>est,</strong></span> <span class='ocrx_word' id='word_1_178' title='bbox 1748 2364 1778 2397; x_wconf 87' lang='lat' dir='ltr'><strong>a</strong></span> <span class='ocrx_word' id='word_1_179' title='bbox 1809 2349 2060 2398; x_wconf 85' lang='lat' dir='ltr'><strong>servitute</strong></span> <span class='ocrx_word' id='word_1_180' title='bbox 2098 2349 2456 2398; x_wconf 87' lang='lat' dir='ltr'><strong>Romanorum.</strong></span> <span class='ocrx_word' id='word_1_181' title='bbox 2525 2348 2665 2398; x_wconf 81' lang='lat' dir='ltr'><strong>Nam</strong></span> 
     </span>
     <span class='ocr_line' id='line_1_24' title="bbox 462 2422 2662 2494; baseline -0.003 -16"><span class='ocrx_word' id='word_1_182' title='bbox 462 2428 617 2487; x_wconf 88' lang='lat' dir='ltr'><strong>tudit,</strong></span> <span class='ocrx_word' id='word_1_183' title='bbox 640 2443 787 2492; x_wconf 86' lang='lat' dir='ltr'><strong>reges</strong></span> <span class='ocrx_word' id='word_1_184' title='bbox 809 2430 970 2494; x_wconf 85' lang='lat' dir='ltr'><strong>cepit,</strong></span> <span class='ocrx_word' id='word_1_185' title='bbox 993 2429 1196 2479; x_wconf 85' lang='lat' dir='ltr'><strong>obsides</strong></span> <span class='ocrx_word' id='word_1_186' title='bbox 1218 2429 1281 2477; x_wconf 89' lang='lat' dir='ltr'><strong>iis</strong></span> <span class='ocrx_word' id='word_1_187' title='bbox 1305 2429 1521 2493; x_wconf 87' lang='lat' dir='ltr'><strong>impera-</strong></span> <span class='ocrx_word' id='word_1_188' title='bbox 1590 2422 1826 2486; x_wconf 76' lang='lat' dir='ltr'><strong>fascibus,</strong></span> <span class='ocrx_word' id='word_1_189' title='bbox 1840 2424 2024 2488; x_wconf 80' lang='lat' dir='ltr'><strong>quibus</strong></span> <span class='ocrx_word' id='word_1_190' title='bbox 2041 2423 2264 2487; x_wconf 77' lang='lat' dir='ltr'><strong>alligata·</strong></span> <span class='ocrx_word' id='word_1_191' title='bbox 2277 2431 2662 2487; x_wconf 77' lang='lat' dir='ltr'><strong>securesessent,</strong></span> 
     </span>
     <span class='ocr_line' id='line_1_25' title="bbox 460 2501 2667 2568; baseline 0 -16"><span class='ocrx_word' id='word_1_192' title='bbox 460 2505 553 2567; x_wconf 83' lang='lat' dir='ltr'><strong>vit,</strong></span> <span class='ocrx_word' id='word_1_193' title='bbox 574 2519 664 2553; x_wconf 87' lang='lat' dir='ltr'><strong>eos</strong></span> <span class='ocrx_word' id='word_1_194' title='bbox 688 2507 966 2568; x_wconf 86' lang='lat' dir='ltr'><strong>vectigales</strong></span> <span class='ocrx_word' id='word_1_195' title='bbox 989 2505 1133 2554; x_wconf 84' lang='lat' dir='ltr'><strong>fecit.</strong></span> <span class='ocrx_word' id='word_1_196' title='bbox 1603 2502 1679 2549; x_wconf 86' lang='lat' dir='ltr'><strong>uti</strong></span> <span class='ocrx_word' id='word_1_197' title='bbox 1695 2502 1928 2551; x_wconf 83' lang='lat' dir='ltr'><strong>solebant</strong></span> <span class='ocrx_word' id='word_1_198' title='bbox 1939 2501 2279 2565; x_wconf 80' lang='lat' dir='ltr'><strong>Magistratus</strong></span> <span class='ocrx_word' id='word_1_199' title='bbox 2294 2503 2528 2552; x_wconf 86' lang='lat' dir='ltr'><strong>Romani.</strong></span> <span class='ocrx_word' id='word_1_200' title='bbox 2570 2504 2667 2552; x_wconf 76' lang='lat' dir='ltr'><strong>Ln-</strong></span> 
     </span>
    </p>

    <p class='ocr_par' dir='ltr' id='par_1_10' title="bbox 437 2578 2666 3098">
     <span class='ocr_line' id='line_1_26' title="bbox 526 2578 1769 2647; baseline -0.003 -20"><span class='ocrx_word' id='word_1_201' title='bbox 526 2578 613 2627; x_wconf 88' lang='lat' dir='ltr'><strong>De</strong></span> <span class='ocrx_word' id='word_1_202' title='bbox 636 2586 855 2643; x_wconf 85' lang='lat' dir='ltr'><strong>quatuor</strong></span> <span class='ocrx_word' id='word_1_203' title='bbox 885 2580 1124 2643; x_wconf 84' lang='lat' dir='ltr'><strong>regibus:</strong></span> <span class='ocrx_word' id='word_1_204' title='bbox 1159 2580 1174 2606; x_wconf 93' lang='lat'>‘</span> <span class='ocrx_word' id='word_1_205' title='bbox 1200 2579 1272 2627; x_wconf 90' lang='lat' dir='ltr'><strong>Hi</strong></span> <span class='ocrx_word' id='word_1_206' title='bbox 1307 2594 1422 2627; x_wconf 88' lang='grc'>011111</span> <span class='ocrx_word' id='word_1_207' title='bbox 1455 2578 1521 2627; x_wconf 85' lang='lat' dir='ltr'><strong>ad</strong></span> <span class='ocrx_word' id='word_1_208' title='bbox 1600 2590 1769 2647; x_wconf 69' lang='lat' dir='ltr'><strong>panus.</strong></span> 
     </span>
     <span class='ocr_line' id='line_1_27' title="bbox 462 2649 2666 2718; baseline 0.002 -17"><span class='ocrx_word' id='word_1_209' title='bbox 462 2661 631 2702; x_wconf 79' lang='lat' dir='ltr'><strong>castra</strong></span> <span class='ocrx_word' id='word_1_210' title='bbox 649 2653 923 2715; x_wconf 85' lang='lat' dir='ltr'><strong>venissent,</strong></span> <span class='ocrx_word' id='word_1_211' title='bbox 947 2654 1106 2702; x_wconf 82' lang='lat' dir='ltr'><strong>nostri</strong></span> <span class='ocrx_word' id='word_1_212' title='bbox 1128 2654 1400 2716; x_wconf 84' lang='lat' dir='ltr'><strong>eruptione</strong></span> <span class='ocrx_word' id='word_1_213' title='bbox 1419 2651 1524 2704; x_wconf 83' lang='lat' dir='ltr'><strong>fac·</strong></span> <span class='ocrx_word' id='word_1_214' title='bbox 1666 2656 1691 2682; x_wconf 67' lang='lat'><strong>‘¹</strong></span> <span class='ocrx_word' id='word_1_215' title='bbox 1720 2649 2000 2712; x_wconf 69' lang='lat' dir='ltr'><strong>Liberorum</strong></span> <span class='ocrx_word' id='word_1_216' title='bbox 2020 2652 2239 2715; x_wconf 81' lang='lat' dir='ltr'><strong>corpora]</strong></span> <span class='ocrx_word' id='word_1_217' title='bbox 2272 2651 2518 2718; x_wconf 77' lang='lat' dir='ltr'><strong>Intellige</strong></span> <span class='ocrx_word' id='word_1_218' title='bbox 2540 2655 2666 2706; x_wconf 85' lang='lat' dir='ltr'><strong>libe-</strong></span> 
     </span>
     <span class='ocr_line' id='line_1_28' title="bbox 461 2727 2460 2792; baseline 0.001 -15"><span class='ocrx_word' id='word_1_219' title='bbox 461 2733 537 2789; x_wconf 82' lang='lat' dir='ltr'><strong>ta,</strong></span> <span class='ocrx_word' id='word_1_220' title='bbox 579 2729 751 2779; x_wconf 82' lang='lat' dir='ltr'><strong>multis</strong></span> <span class='ocrx_word' id='word_1_221' title='bbox 793 2730 971 2778; x_wconf 86' lang='lat' dir='ltr'><strong>&#39;eorum</strong></span> <span class='ocrx_word' id='word_1_222' title='bbox 1012 2728 1322 2792; x_wconf 83' lang='lat' dir='ltr'><strong>interfectis,</strong></span> <span class='ocrx_word' id='word_1_223' title='bbox 1366 2734 1522 2791; x_wconf 85' lang='lat' dir='ltr'><strong>capto</strong></span> <span class='ocrx_word' id='word_1_224' title='bbox 1604 2742 1706 2792; x_wconf 85' lang='lat' dir='ltr'><strong>ros,</strong></span> <span class='ocrx_word' id='word_1_225' title='bbox 1727 2742 1818 2776; x_wconf 91' lang='lat' dir='ltr'><strong>seu</strong></span> <span class='ocrx_word' id='word_1_226' title='bbox 1840 2727 1972 2777; x_wconf 88' lang='lat' dir='ltr'><strong>filios</strong></span> <span class='ocrx_word' id='word_1_227' title='bbox 1997 2729 2262 2792; x_wconf 85' lang='lat' dir='ltr'><strong>utriusque</strong></span> <span class='ocrx_word' id='word_1_228' title='bbox 2287 2745 2460 2780; x_wconf 83' lang='lat' dir='ltr'><strong>sexus.</strong></span> 
     </span>
     <span class='ocr_line' id='line_1_29' title="bbox 460 2803 2664 2880; baseline 0.003 -29"><span class='ocrx_word' id='word_1_229' title='bbox 460 2803 616 2852; x_wconf 85' lang='lat' dir='ltr'><strong>etiam</strong></span> <span class='ocrx_word' id='word_1_230' title='bbox 651 2803 811 2853; x_wconf 87' lang='lat' dir='ltr'><strong>nobili</strong></span> <span class='ocrx_word' id='word_1_231' title='bbox 849 2804 979 2853; x_wconf 88' lang='lat' dir='ltr'><strong>duce</strong></span> <span class='ocrx_word' id='word_1_232' title='bbox 1015 2803 1365 2867; x_wconf 82' lang='lat' dir='ltr'><strong>Cingetorige,</strong></span> <span class='ocrx_word' id='word_1_233' title='bbox 1406 2817 1523 2853; x_wconf 85' lang='lat' dir='ltr'><strong>suos</strong></span> <span class='ocrx_word' id='word_1_234' title='bbox 1654 2812 1688 2837; x_wconf 80' lang='lat' dir='ltr'>v</span> <span class='ocrx_word' id='word_1_235' title='bbox 1725 2805 1910 2854; x_wconf 75' lang='lat' dir='ltr'><strong>Gentili</strong></span> <span class='ocrx_word' id='word_1_236' title='bbox 1932 2806 2124 2869; x_wconf 79' lang='lat' dir='ltr'><strong>quisque</strong></span> <span class='ocrx_word' id='word_1_237' title='bbox 2148 2807 2377 2868; x_wconf 76' lang='lat' dir='ltr'><strong>religione</strong></span> <span class='ocrx_word' id='word_1_238' title='bbox 2403 2806 2664 2880; x_wconf 71' lang='lat' dir='ltr'><strong>obstringi]</strong></span> 
     </span>
     <span class='ocr_line' id='line_1_30' title="bbox 437 2878 1523 2936; baseline 0.001 -10"><span class='ocrx_word' id='word_1_239' title='bbox 437 2878 735 2936; x_wconf 50' lang='lat' dir='ltr'><strong>,incolumes</strong></span> <span class='ocrx_word' id='word_1_240' title='bbox 773 2879 1111 2928; x_wconf 89' lang='lat' dir='ltr'><strong>reduxerunt.</strong></span> <span class='ocrx_word' id='word_1_241' title='bbox 1180 2879 1523 2927; x_wconf 85' lang='lat' dir='ltr'><strong>Cassivellau-</strong></span> 
     </span>
     <span class='ocr_line' id='line_1_31' title="bbox 456 2953 2663 3023; baseline 0.004 -22"><span class='ocrx_word' id='word_1_242' title='bbox 456 2967 556 3002; x_wconf 80' lang='lat' dir='ltr'><strong>nus</strong></span> <span class='ocrx_word' id='word_1_243' title='bbox 570 2955 664 3003; x_wconf 86' lang='lat' dir='ltr'><strong>hoc</strong></span> <span class='ocrx_word' id='word_1_244' title='bbox 685 2955 863 3017; x_wconf 85' lang='lat' dir='ltr'><strong>praelio</strong></span> <span class='ocrx_word' id='word_1_245' title='bbox 878 2955 1134 3023; x_wconf 76' lang='lat' dir='ltr'><strong>nuntiato,</strong></span> <span class='ocrx_word' id='word_1_246' title='bbox 1151 2960 1228 3002; x_wconf 83' lang='lat' dir='ltr'><strong>tot</strong></span> <span class='ocrx_word' id='word_1_247' title='bbox 1245 2953 1523 3002; x_wconf 87' lang='lat' dir='ltr'><strong>detrimen·</strong></span> <span class='ocrx_word' id='word_1_248' title='bbox 1603 2958 1938 3007; x_wconf 82' lang='lat' dir='ltr'><strong>sacramentis</strong></span> <span class='ocrx_word' id='word_1_249' title='bbox 1983 2957 2220 3022; x_wconf 86' lang='lat' dir='ltr'><strong>votisque</strong></span> <span class='ocrx_word' id='word_1_250' title='bbox 2290 2958 2663 3022; x_wconf 79' lang='lat' dir='ltr'><strong>obstringebat-</strong></span> 
     </span>
     <span class='ocr_line' id='line_1_32' title="bbox 458 3029 2661 3098; baseline 0.003 -21"><span class='ocrx_word' id='word_1_251' title='bbox 458 3029 529 3078; x_wconf 85' lang='lat' dir='ltr'><strong>tis</strong></span> <span class='ocrx_word' id='word_1_252' title='bbox 568 3030 816 3093; x_wconf 83' lang='lat' dir='ltr'><strong>acceptis,</strong></span> <span class='ocrx_word' id='word_1_253' title='bbox 839 3032 1053 3078; x_wconf 83' lang='lat' dir='ltr'><strong>vastatis</strong></span> <span class='ocrx_word' id='word_1_254' title='bbox 1077 3029 1281 3091; x_wconf 75' lang='lat' dir='ltr'><strong>finibuS,</strong></span> <span class='ocrx_word' id='word_1_255' title='bbox 1301 3045 1520 3080; x_wconf 78' lang='lat' dir='ltr'><strong>maxime</strong></span> <span class='ocrx_word' id='word_1_256' title='bbox 1600 3033 1768 3083; x_wconf 84' lang='lat' dir='ltr'><strong>Tacit.</strong></span> <span class='ocrx_word' id='word_1_257' title='bbox 1800 3034 1838 3083; x_wconf 91' lang='grc'><strong>1.</strong></span> <span class='ocrx_word' id='word_1_258' title='bbox 1866 3046 1982 3084; x_wconf 83' lang='lat' dir='ltr'><strong>xrv.</strong></span> <span class='ocrx_word' id='word_1_259' title='bbox 2018 3038 2101 3083; x_wconf 79' lang='lat'><strong>30.</strong></span> <span class='ocrx_word' id='word_1_260' title='bbox 2135 3034 2202 3082; x_wconf 89' lang='lat' dir='ltr'><strong>de</strong></span> <span class='ocrx_word' id='word_1_261' title='bbox 2235 3033 2661 3098; x_wconf 50' lang='lat' dir='ltr'><strong>iisdem-,Britan-</strong></span> 
     </span>
    </p>
   </div>
   <div class='ocr_carea' id='block_1_7' title="bbox 1603 2879 2748 2949">
    <p class='ocr_par' dir='ltr' id='par_1_11' title="bbox 1603 2879 2748 2949">
     <span class='ocr_line' id='line_1_33' title="bbox 1603 2879 2748 2949; baseline -0.001 -15"><span class='ocrx_word' id='word_1_262' title='bbox 1603 2881 1832 2947; x_wconf 83' lang='lat' dir='ltr'><strong>Quisque</strong></span> <span class='ocrx_word' id='word_1_263' title='bbox 1857 2898 1913 2933; x_wconf 87' lang='lat' dir='ltr'><strong>se</strong></span> <span class='ocrx_word' id='word_1_264' title='bbox 1951 2897 2045 2947; x_wconf 89' lang='lat' dir='ltr'><strong>pro</strong></span> <span class='ocrx_word' id='word_1_265' title='bbox 2079 2898 2221 2932; x_wconf 89' lang='lat' dir='ltr'><strong>more</strong></span> <span class='ocrx_word' id='word_1_266' title='bbox 2257 2892 2314 2933; x_wconf 88' lang='lat' dir='ltr'><strong>et</strong></span> <span class='ocrx_word' id='word_1_267' title='bbox 2352 2879 2452 2933; x_wconf 90' lang='lat' dir='ltr'><strong>ritu</strong></span> <span class='ocrx_word' id='word_1_268' title='bbox 2494 2885 2664 2949; x_wconf 84' lang='lat' dir='ltr'><strong>gentis</strong></span> <span class='ocrx_word' id='word_1_269' title='bbox 2741 2927 2748 2933; x_wconf 88' lang='lat'><em>.</em></span> 
     </span>
    </p>
   </div>
   <div class='ocr_carea' id='block_1_8' title="bbox 451 3104 1516 4001">
    <p class='ocr_par' dir='ltr' id='par_1_12' title="bbox 451 3104 1516 3848">
     <span class='ocr_line' id='line_1_34' title="bbox 454 3104 1514 3168; baseline 0.001 -15"><span class='ocrx_word' id='word_1_270' title='bbox 454 3104 612 3154; x_wconf 87' lang='lat' dir='ltr'><strong>etiam</strong></span> <span class='ocrx_word' id='word_1_271' title='bbox 634 3112 896 3168; x_wconf 86' lang='lat' dir='ltr'><strong>permotus</strong></span> <span class='ocrx_word' id='word_1_272' title='bbox 911 3104 1206 3154; x_wconf 79' lang='lat' dir='ltr'><strong>defectione</strong></span> <span class='ocrx_word' id='word_1_273' title='bbox 1225 3105 1514 3168; x_wconf 82' lang='lat' dir='ltr'><strong>civitatum,</strong></span> 
     </span>
     <span class='ocr_line' id='line_1_35' title="bbox 455 3179 1513 3245; baseline 0.004 -17"><span class='ocrx_word' id='word_1_274' title='bbox 455 3179 655 3244; x_wconf 81' lang='lat' dir='ltr'><strong>legatos</strong></span> <span class='ocrx_word' id='word_1_275' title='bbox 692 3195 788 3245; x_wconf 89' lang='lat' dir='ltr'><strong>per</strong></span> <span class='ocrx_word' id='word_1_276' title='bbox 826 3179 1132 3230; x_wconf 78' lang='lat' dir='ltr'><strong>Atrebatem</strong></span> <span class='ocrx_word' id='word_1_277' title='bbox 1174 3181 1407 3229; x_wconf 89' lang='lat' dir='ltr'><strong>Comium</strong></span> <span class='ocrx_word' id='word_1_278' title='bbox 1448 3182 1513 3236; x_wconf 80' lang='lat' dir='ltr'><strong>de</strong></span> 
     </span>
     <span class='ocr_line' id='line_1_36' title="bbox 454 3255 1515 3309; baseline 0.001 -4"><span class='ocrx_word' id='word_1_279' title='bbox 454 3255 718 3309; x_wconf 86' lang='lat' dir='ltr'><strong>deditione</strong></span> <span class='ocrx_word' id='word_1_280' title='bbox 742 3257 805 3306; x_wconf 89' lang='lat' dir='ltr'><strong>ad</strong></span> <span class='ocrx_word' id='word_1_281' title='bbox 828 3258 1083 3307; x_wconf 84' lang='lat' dir='ltr'><strong>Caesarem</strong></span> <span class='ocrx_word' id='word_1_282' title='bbox 1108 3258 1285 3307; x_wconf 88' lang='lat' dir='ltr'><strong>mittit.</strong></span> <span class='ocrx_word' id='word_1_283' title='bbox 1337 3259 1515 3307; x_wconf 82' lang='lat' dir='ltr'><strong>Caesar</strong></span> 
     </span>
     <span class='ocr_line' id='line_1_37' title="bbox 454 3333 1516 3405; baseline 0.002 -24"><span class='ocrx_word' id='word_1_284' title='bbox 454 3345 573 3381; x_wconf 84' lang='lat' dir='ltr'><strong>cum</strong></span> <span class='ocrx_word' id='word_1_285' title='bbox 591 3333 857 3382; x_wconf 86' lang='lat' dir='ltr'><strong>statuisset</strong></span> <span class='ocrx_word' id='word_1_286' title='bbox 873 3334 1112 3396; x_wconf 84' lang='lat' dir='ltr'><strong>hyemare</strong></span> <span class='ocrx_word' id='word_1_287' title='bbox 1130 3334 1182 3382; x_wconf 89' lang='lat' dir='ltr'><strong>in</strong></span> <span class='ocrx_word' id='word_1_288' title='bbox 1200 3335 1516 3405; x_wconf 78' lang='lat' dir='ltr'><strong>continente,-</strong></span> 
     </span>
     <span class='ocr_line' id='line_1_38' title="bbox 452 3407 1513 3471; baseline 0.004 -17"><span class='ocrx_word' id='word_1_289' title='bbox 452 3410 673 3470; x_wconf 88' lang='lat' dir='ltr'><strong>propter</strong></span> <span class='ocrx_word' id='word_1_290' title='bbox 695 3408 990 3471; x_wconf 83' lang='lat' dir='ltr'><strong>repentinos</strong></span> <span class='ocrx_word' id='word_1_291' title='bbox 1008 3407 1196 3457; x_wconf 79' lang='lat' dir='ltr'><strong>Galliae</strong></span> <span class='ocrx_word' id='word_1_292' title='bbox 1217 3415 1405 3468; x_wconf 85' lang='lat' dir='ltr'><strong>motus,</strong></span> <span class='ocrx_word' id='word_1_293' title='bbox 1430 3424 1513 3458; x_wconf 89' lang='lat' dir='ltr'><strong>ne-</strong></span> 
     </span>
     <span class='ocr_line' id='line_1_39' title="bbox 454 3486 1511 3549; baseline 0.002 -16"><span class='ocrx_word' id='word_1_294' title='bbox 454 3496 557 3548; x_wconf 88' lang='lat' dir='ltr'><strong>que</strong></span> <span class='ocrx_word' id='word_1_295' title='bbox 571 3486 786 3533; x_wconf 88' lang='lat' dir='ltr'><strong>multum</strong></span> <span class='ocrx_word' id='word_1_296' title='bbox 810 3486 1006 3534; x_wconf 82' lang='lat' dir='ltr'><strong>aestatis</strong></span> <span class='ocrx_word' id='word_1_297' title='bbox 1027 3495 1339 3548; x_wconf 78' lang='lat' dir='ltr'><strong>superesset,</strong></span> <span class='ocrx_word' id='word_1_298' title='bbox 1356 3494 1511 3549; x_wconf 85' lang='lat' dir='ltr'><strong>atque</strong></span> 
     </span>
     <span class='ocr_line' id='line_1_40' title="bbox 451 3558 1513 3624; baseline 0.002 -17"><span class='ocrx_word' id='word_1_299' title='bbox 451 3559 507 3608; x_wconf 81' lang='lat' dir='ltr'><strong>id</strong></span> <span class='ocrx_word' id='word_1_300' title='bbox 550 3558 704 3610; x_wconf 82' lang='lat' dir='ltr'><strong>facile</strong></span> <span class='ocrx_word' id='word_1_301' title='bbox 742 3561 943 3610; x_wconf 85' lang='lat' dir='ltr'><strong>extrahi</strong></span> <span class='ocrx_word' id='word_1_302' title='bbox 988 3576 1141 3624; x_wconf 88' lang='lat' dir='ltr'><strong>posse</strong></span> <span class='ocrx_word' id='word_1_303' title='bbox 1179 3561 1513 3624; x_wconf 83' lang='lat' dir='ltr'><strong>intelligeret,</strong></span> 
     </span>
     <span class='ocr_line' id='line_1_41' title="bbox 452 3634 1512 3701; baseline -0.001 -18"><span class='ocrx_word' id='word_1_304' title='bbox 452 3634 652 3684; x_wconf 86' lang='lat' dir='ltr'><strong>obsides</strong></span> <span class='ocrx_word' id='word_1_305' title='bbox 674 3637 915 3700; x_wconf 88' lang='lat' dir='ltr'><strong>imperat,</strong></span> <span class='ocrx_word' id='word_1_306' title='bbox 937 3636 1133 3701; x_wconf 82' lang='lat' dir='ltr'><strong>etquid</strong></span> <span class='ocrx_word' id='word_1_307' title='bbox 1159 3637 1210 3684; x_wconf 88' lang='lat' dir='ltr'><strong>iu</strong></span> <span class='ocrx_word' id='word_1_308' title='bbox 1235 3650 1391 3683; x_wconf 85' lang='lat' dir='ltr'><strong>annos</strong></span> <span class='ocrx_word' id='word_1_309' title='bbox 1415 3636 1512 3683; x_wconf 86' lang='lat' dir='ltr'><strong>sin-</strong></span> 
     </span>
     <span class='ocr_line' id='line_1_42' title="bbox 454 3710 1511 3775; baseline 0.001 -18"><span class='ocrx_word' id='word_1_310' title='bbox 454 3710 602 3772; x_wconf 81' lang='lat' dir='ltr'><strong>gulos</strong></span> <span class='ocrx_word' id='word_1_311' title='bbox 618 3713 892 3775; x_wconf 85' lang='lat' dir='ltr'><strong>vectigalis</strong></span> <span class='ocrx_word' id='word_1_312' title='bbox 917 3714 1108 3774; x_wconf 88' lang='lat' dir='ltr'><strong>populo</strong></span> <span class='ocrx_word' id='word_1_313' title='bbox 1133 3711 1281 3760; x_wconf 86' lang='lat' dir='ltr'><strong>Rom.</strong></span> <span class='ocrx_word' id='word_1_314' title='bbox 1304 3710 1511 3759; x_wconf 78' lang='lat' dir='ltr'><strong>Britan-</strong></span> 
     </span>
     <span class='ocr_line' id='line_1_43' title="bbox 451 3784 1160 3848; baseline 0.001 -14"><span class='ocrx_word' id='word_1_315' title='bbox 451 3784 537 3834; x_wconf 83' lang='lat' dir='ltr'><strong>nia</strong></span> <span class='ocrx_word' id='word_1_316' title='bbox 562 3786 830 3848; x_wconf 84' lang='lat' dir='ltr'><strong>penderet,</strong></span> <span class='ocrx_word' id='word_1_317' title='bbox 854 3785 1160 3835; x_wconf 67' lang='lat' dir='ltr'><strong>constituit!</strong></span> 
     </span>
    </p>

    <p class='ocr_par' dir='ltr' id='par_1_13' title="bbox 451 3860 1507 4001">
     <span class='ocr_line' id='line_1_44' title="bbox 514 3860 1507 3922; baseline -0.002 -12"><span class='ocrx_word' id='word_1_318' title='bbox 514 3861 601 3910; x_wconf 87' lang='lat' dir='ltr'><strong>Sic</strong></span> <span class='ocrx_word' id='word_1_319' title='bbox 645 3860 844 3910; x_wconf 83' lang='lat' dir='ltr'><strong>finitum</strong></span> <span class='ocrx_word' id='word_1_320' title='bbox 893 3861 1084 3910; x_wconf 80' lang='lat' dir='ltr'><strong>bellum</strong></span> <span class='ocrx_word' id='word_1_321' title='bbox 1123 3861 1176 3909; x_wconf 87' lang='lat' dir='ltr'><strong>in</strong></span> <span class='ocrx_word' id='word_1_322' title='bbox 1219 3860 1507 3922; x_wconf 85' lang='lat' dir='ltr'><strong>Britannia,</strong></span> 
     </span>
     <span class='ocr_line' id='line_1_45' title="bbox 451 3937 1505 4001; baseline 0.001 -16"><span class='ocrx_word' id='word_1_323' title='bbox 451 3950 602 4000; x_wconf 84' lang='lat' dir='ltr'><strong>qnam</strong></span> <span class='ocrx_word' id='word_1_324' title='bbox 625 3942 799 3985; x_wconf 89' lang='lat' dir='ltr'><strong>tamen</strong></span> <span class='ocrx_word' id='word_1_325' title='bbox 821 3937 992 4000; x_wconf 85' lang='lat' dir='ltr'><strong>potins</strong></span> <span class='ocrx_word' id='word_1_326' title='bbox 1028 3938 1253 3986; x_wconf 86' lang='lat' dir='ltr'><strong>ostendit</strong></span> <span class='ocrx_word' id='word_1_327' title='bbox 1287 3937 1505 4001; x_wconf 84' lang='lat' dir='ltr'><strong>posteris</strong></span> 
     </span>
    </p>
   </div>
   <div class='ocr_carea' id='block_1_9' title="bbox 448 4012 1514 4312">
    <p class='ocr_par' dir='ltr' id='par_1_14' title="bbox 448 4012 1514 4218">
     <span class='ocr_line' id='line_1_46' title="bbox 452 4012 1504 4076; baseline -0.003 -12"><span class='ocrx_word' id='word_1_328' title='bbox 452 4012 644 4074; x_wconf 83' lang='lat' dir='ltr'><strong>Caesar,</strong></span> <span class='ocrx_word' id='word_1_329' title='bbox 684 4027 834 4076; x_wconf 88' lang='lat' dir='ltr'><strong>quam</strong></span> <span class='ocrx_word' id='word_1_330' title='bbox 875 4013 1089 4075; x_wconf 88' lang='lat' dir='ltr'><strong>domuit,</strong></span> <span class='ocrx_word' id='word_1_331' title='bbox 1128 4020 1263 4062; x_wconf 81' lang='lat' dir='ltr'><strong>teste</strong></span> <span class='ocrx_word' id='word_1_332' title='bbox 1287 4012 1411 4061; x_wconf 88' lang='lat' dir='ltr'><strong>Tac.</strong></span> <span class='ocrx_word' id='word_1_333' title='bbox 1448 4018 1504 4061; x_wconf 91' lang='lat' dir='ltr'><strong>et</strong></span> 
     </span>
     <span class='ocr_line' id='line_1_47' title="bbox 448 4091 1514 4157; baseline 0.002 -17"><span class='ocrx_word' id='word_1_334' title='bbox 448 4091 563 4157; x_wconf 87' lang='lat' dir='ltr'><strong>ipso</strong></span> <span class='ocrx_word' id='word_1_335' title='bbox 584 4093 805 4157; x_wconf 80' lang='lat' dir='ltr'><strong>Caesare,</strong></span> <span class='ocrx_word' id='word_1_336' title='bbox 832 4100 1103 4157; x_wconf 83' lang='lat' dir='ltr'><strong>postquam</strong></span> <span class='ocrx_word' id='word_1_337' title='bbox 1127 4094 1282 4143; x_wconf 87' lang='lat' dir='ltr'><strong>rediit</strong></span> <span class='ocrx_word' id='word_1_338' title='bbox 1304 4095 1355 4142; x_wconf 87' lang='lat' dir='ltr'><strong>in</strong></span> <span class='ocrx_word' id='word_1_339' title='bbox 1379 4093 1514 4142; x_wconf 62' lang='lat' dir='ltr'><strong>Gal--</strong></span> 
     </span>
     <span class='ocr_line' id='line_1_48' title="bbox 449 4168 590 4218; baseline -0.014 -1"><span class='ocrx_word' id='word_1_340' title='bbox 449 4168 590 4218; x_wconf 80' lang='lat' dir='ltr'><strong>liam.</strong></span> 
     </span>
    </p>

    <p class='ocr_par' dir='ltr' id='par_1_15' title="bbox 511 4244 1502 4312">
     <span class='ocr_line' id='line_1_49' title="bbox 511 4244 1502 4312; baseline 0 -18"><span class='ocrx_word' id='word_1_341' title='bbox 511 4244 597 4294; x_wconf 87' lang='lat' dir='ltr'><strong>Sic</strong></span> <span class='ocrx_word' id='word_1_342' title='bbox 615 4245 649 4296; x_wconf 87' lang='grc'><strong>1.</strong></span> <span class='ocrx_word' id='word_1_343' title='bbox 670 4258 747 4296; x_wconf 87' lang='lat' dir='ltr'><strong>1v.</strong></span> <span class='ocrx_word' id='word_1_344' title='bbox 780 4244 796 4273; x_wconf 89' lang='lat'>‘</span> <span class='ocrx_word' id='word_1_345' title='bbox 817 4245 990 4296; x_wconf 82' lang='lat' dir='ltr'><strong>Caesar</strong></span> <span class='ocrx_word' id='word_1_346' title='bbox 1009 4244 1060 4295; x_wconf 88' lang='lat' dir='ltr'><strong>in</strong></span> <span class='ocrx_word' id='word_1_347' title='bbox 1079 4244 1256 4312; x_wconf 78' lang='lat' dir='ltr'><strong>Belgis</strong></span> <span class='ocrx_word' id='word_1_348' title='bbox 1280 4245 1502 4302; x_wconf 75' lang='grc' dir='ltr'>011ιηί0111</span> 
     </span>
    </p>
   </div>
   <div class='ocr_carea' id='block_1_10' title="bbox 1594 3110 2659 3401">
    <p class='ocr_par' dir='ltr' id='par_1_16' title="bbox 1594 3110 2659 3401">
     <span class='ocr_line' id='line_1_50' title="bbox 1595 3110 2659 3174; baseline 0.003 -15"><span class='ocrx_word' id='word_1_349' title='bbox 1595 3111 1700 3159; x_wconf 87' lang='lat' dir='ltr'><strong>nis:</strong></span> <span class='ocrx_word' id='word_1_350' title='bbox 1734 3112 1751 3139; x_wconf 88' lang='lat'>‘</span> <span class='ocrx_word' id='word_1_351' title='bbox 1773 3111 1959 3160; x_wconf 85' lang='lat' dir='ltr'><strong>Stabat</strong></span> <span class='ocrx_word' id='word_1_352' title='bbox 1981 3125 2075 3174; x_wconf 91' lang='lat' dir='ltr'><strong>pro</strong></span> <span class='ocrx_word' id='word_1_353' title='bbox 2098 3110 2274 3159; x_wconf 86' lang='lat' dir='ltr'><strong>littore</strong></span> <span class='ocrx_word' id='word_1_354' title='bbox 2296 3111 2497 3161; x_wconf 77' lang='lat' dir='ltr'><strong>diversa</strong></span> <span class='ocrx_word' id='word_1_355' title='bbox 2518 3113 2659 3163; x_wconf 82' lang='lat' dir='ltr'><strong>acies</strong></span> 
     </span>
     <span class='ocr_line' id='line_1_51' title="bbox 1596 3186 2659 3250; baseline 0.003 -16"><span class='ocrx_word' id='word_1_356' title='bbox 1596 3186 1756 3237; x_wconf 85' lang='lat' dir='ltr'><strong>densa</strong></span> <span class='ocrx_word' id='word_1_357' title='bbox 1773 3187 1925 3236; x_wconf 86' lang='lat' dir='ltr'><strong>armis</strong></span> <span class='ocrx_word' id='word_1_358' title='bbox 1940 3188 2182 3250; x_wconf 83' lang='lat' dir='ltr'><strong>virisque,</strong></span> <span class='ocrx_word' id='word_1_359' title='bbox 2199 3187 2659 3237; x_wconf 82' lang='lat' dir='ltr'><strong>intercursantibus</strong></span> 
     </span>
     <span class='ocr_line' id='line_1_52' title="bbox 1594 3261 2656 3325; baseline 0 -15"><span class='ocrx_word' id='word_1_360' title='bbox 1594 3261 1834 3325; x_wconf 75' lang='lat' dir='ltr'><strong>foeminiS,</strong></span> <span class='ocrx_word' id='word_1_361' title='bbox 1852 3266 1950 3313; x_wconf 83' lang='lat' dir='ltr'><strong>&amp;c.</strong></span> <span class='ocrx_word' id='word_1_362' title='bbox 1987 3261 2306 3324; x_wconf 61' lang='lat' dir='ltr'><strong>Druidaeque</strong></span> <span class='ocrx_word' id='word_1_363' title='bbox 2327 3261 2519 3310; x_wconf 87' lang='lat' dir='ltr'><strong>circum</strong></span> <span class='ocrx_word' id='word_1_364' title='bbox 2538 3276 2656 3324; x_wconf 84' lang='lat' dir='ltr'><strong>pre-</strong></span> 
     </span>
     <span class='ocr_line' id='line_1_53' title="bbox 1595 3336 2657 3401; baseline 0.001 -14"><span class='ocrx_word' id='word_1_365' title='bbox 1595 3353 1683 3387; x_wconf 83' lang='lat' dir='ltr'><strong>ces</strong></span> <span class='ocrx_word' id='word_1_366' title='bbox 1705 3339 1862 3401; x_wconf 89' lang='lat' dir='ltr'><strong>diras,</strong></span> <span class='ocrx_word' id='word_1_367' title='bbox 1885 3338 2098 3388; x_wconf 87' lang='lat' dir='ltr'><strong>sublatis</strong></span> <span class='ocrx_word' id='word_1_368' title='bbox 2116 3336 2183 3386; x_wconf 86' lang='lat' dir='ltr'><strong>ad</strong></span> <span class='ocrx_word' id='word_1_369' title='bbox 2200 3336 2385 3386; x_wconf 78' lang='lat' dir='ltr'><strong>coelum</strong></span> <span class='ocrx_word' id='word_1_370' title='bbox 2405 3338 2657 3400; x_wconf 64' lang='lat' dir='ltr'><strong>manibuS,</strong></span> 
     </span>
    </p>
   </div>
   <div class='ocr_carea' id='block_1_11' title="bbox 1592 3413 2656 3540">
    <p class='ocr_par' dir='ltr' id='par_1_17' title="bbox 1592 3413 2656 3540">
     <span class='ocr_line' id='line_1_54' title="bbox 1592 3413 2021 3476; baseline -0.002 -12"><span class='ocrx_word' id='word_1_371' title='bbox 1592 3413 1903 3476; x_wconf 74' lang='lat' dir='ltr'><strong>fundentes,’</strong></span> <span class='ocrx_word' id='word_1_372' title='bbox 1925 3418 2021 3465; x_wconf 84' lang='lat' dir='ltr'><strong>&amp;c.</strong></span> 
     </span>
     <span class='ocr_line' id='line_1_55' title="bbox 1659 3485 2656 3540; baseline -0.003 -1"><span class='ocrx_word' id='word_1_373' title='bbox 1659 3491 1744 3539; x_wconf 86' lang='lat' dir='ltr'><strong>Sic</strong></span> <span class='ocrx_word' id='word_1_374' title='bbox 1779 3497 1836 3540; x_wconf 89' lang='lat' dir='ltr'><strong>et</strong></span> <span class='ocrx_word' id='word_1_375' title='bbox 1870 3491 1935 3540; x_wconf 86' lang='lat' dir='ltr'><strong>de</strong></span> <span class='ocrx_word' id='word_1_376' title='bbox 1959 3490 2140 3539; x_wconf 86' lang='lat' dir='ltr'><strong>Germ.</strong></span> <span class='ocrx_word' id='word_1_377' title='bbox 2173 3487 2288 3536; x_wconf 80' lang='lat' dir='ltr'><strong>hist.</strong></span> <span class='ocrx_word' id='word_1_378' title='bbox 2310 3487 2344 3535; x_wconf 93' lang='grc'><strong>1.</strong></span> <span class='ocrx_word' id='word_1_379' title='bbox 2369 3499 2447 3535; x_wconf 80' lang='lat' dir='ltr'><strong>lv.</strong></span> <span class='ocrx_word' id='word_1_380' title='bbox 2479 3488 2497 3513; x_wconf 89' lang='lat'>‘</span> <span class='ocrx_word' id='word_1_381' title='bbox 2521 3485 2656 3536; x_wconf 88' lang='lat' dir='ltr'><strong>Inde</strong></span> 
     </span>
    </p>
   </div>
   <div class='ocr_carea' id='block_1_12' title="bbox 1582 3561 2678 4313">
    <p class='ocr_par' dir='ltr' id='par_1_18' title="bbox 1590 3561 2678 3705">
     <span class='ocr_line' id='line_1_56' title="bbox 1592 3561 2678 3630; baseline -0.003 -16"><span class='ocrx_word' id='word_1_382' title='bbox 1592 3564 1874 3630; x_wconf 84' lang='lat' dir='ltr'><strong>depromtae</strong></span> <span class='ocrx_word' id='word_1_383' title='bbox 1919 3566 2076 3628; x_wconf 81' lang='lat' dir='ltr'><strong>sylvis</strong></span> <span class='ocrx_word' id='word_1_384' title='bbox 2131 3564 2366 3628; x_wconf 84' lang='lat' dir='ltr'><strong>lucisque</strong></span> <span class='ocrx_word' id='word_1_385' title='bbox 2427 3561 2678 3613; x_wconf 83' lang='lat' dir='ltr'><strong>feranun&#39;</strong></span> 
     </span>
     <span class='ocr_line' id='line_1_57' title="bbox 1590 3639 2655 3705; baseline -0.001 -17"><span class='ocrx_word' id='word_1_386' title='bbox 1590 3640 1857 3705; x_wconf 83' lang='lat' dir='ltr'><strong>imagines,</strong></span> <span class='ocrx_word' id='word_1_387' title='bbox 1896 3648 1953 3690; x_wconf 90' lang='lat' dir='ltr'><strong>ut</strong></span> <span class='ocrx_word' id='word_1_388' title='bbox 1977 3641 2164 3703; x_wconf 90' lang='lat' dir='ltr'><strong>cuique</strong></span> <span class='ocrx_word' id='word_1_389' title='bbox 2188 3640 2329 3702; x_wconf 82' lang='lat' dir='ltr'><strong>genti</strong></span> <span class='ocrx_word' id='word_1_390' title='bbox 2367 3639 2499 3688; x_wconf 87' lang='lat' dir='ltr'><strong>inire</strong></span> <span class='ocrx_word' id='word_1_391' title='bbox 2521 3653 2655 3702; x_wconf 82' lang='lat' dir='ltr'><strong>prae·</strong></span> 
     </span>
    </p>

    <p class='ocr_par' dir='ltr' id='par_1_19' title="bbox 1591 3716 2655 3786">
     <span class='ocr_line' id='line_1_58' title="bbox 1591 3716 2655 3786; baseline 0 -21"><span class='ocrx_word' id='word_1_392' title='bbox 1591 3717 1716 3765; x_wconf 90' lang='lat' dir='ltr'><strong>lium</strong></span> <span class='ocrx_word' id='word_1_393' title='bbox 1739 3732 1849 3766; x_wconf 90' lang='lat' dir='ltr'><strong>mos</strong></span> <span class='ocrx_word' id='word_1_394' title='bbox 1871 3716 1984 3779; x_wconf 83' lang='lat' dir='ltr'><strong>est,&#39;</strong></span> <span class='ocrx_word' id='word_1_395' title='bbox 2003 3720 2103 3766; x_wconf 83' lang='lat' dir='ltr'><strong>&amp;c.</strong></span> <span class='ocrx_word' id='word_1_396' title='bbox 2169 3717 2360 3786; x_wconf 66' lang='lat' dir='ltr'><strong>Breces</strong></span> <span class='ocrx_word' id='word_1_397' title='bbox 2382 3716 2484 3764; x_wconf 83' lang='lat' dir='ltr'><strong>inae</strong></span> <span class='ocrx_word' id='word_1_398' title='bbox 2503 3723 2655 3765; x_wconf 86' lang='lat' dir='ltr'><strong>erant</strong></span> 
     </span>
    </p>

    <p class='ocr_par' dir='ltr' id='par_1_20' title="bbox 1590 3789 2649 3857">
     <span class='ocr_line' id='line_1_59' title="bbox 1590 3789 2649 3857; baseline -0.004 -13"><span class='ocrx_word' id='word_1_399' title='bbox 1590 3799 1729 3857; x_wconf 86' lang='lat' dir='ltr'><strong>vota,</strong></span> <span class='ocrx_word' id='word_1_400' title='bbox 1752 3801 1807 3843; x_wconf 91' lang='lat' dir='ltr'><strong>et</strong></span> <span class='ocrx_word' id='word_1_401' title='bbox 1831 3795 1990 3844; x_wconf 86' lang='lat' dir='ltr'><strong>veluti</strong></span> <span class='ocrx_word' id='word_1_402' title='bbox 2022 3789 2338 3843; x_wconf 83' lang='lat' dir='ltr'><strong>sacramenta</strong></span> <span class='ocrx_word' id='word_1_403' title='bbox 2375 3791 2649 3854; x_wconf 64' lang='lat' dir='ltr'><strong>quibus-se</strong></span> 
     </span>
    </p>

    <p class='ocr_par' dir='ltr' id='par_1_21' title="bbox 1589 3866 2648 3933">
     <span class='ocr_line' id='line_1_60' title="bbox 1589 3866 2648 3933; baseline -0.003 -16"><span class='ocrx_word' id='word_1_404' title='bbox 1589 3869 1995 3933; x_wconf 85' lang='lat' dir='ltr'><strong>obstringebaut,</strong></span> <span class='ocrx_word' id='word_1_405' title='bbox 2019 3875 2075 3917; x_wconf 86' lang='lat' dir='ltr'><strong>et</strong></span> <span class='ocrx_word' id='word_1_406' title='bbox 2099 3868 2216 3917; x_wconf 69' lang='lat' dir='ltr'><strong><em>Luca·</em></strong></span> <span class='ocrx_word' id='word_1_407' title='bbox 2237 3867 2311 3914; x_wconf 84' lang='lat' dir='ltr'><strong>ini</strong></span> <span class='ocrx_word' id='word_1_408' title='bbox 2336 3866 2496 3914; x_wconf 82' lang='lat' dir='ltr'><strong>instar</strong></span> <span class='ocrx_word' id='word_1_409' title='bbox 2521 3871 2648 3914; x_wconf 87' lang='lat' dir='ltr'><strong>tem-</strong></span> 
     </span>
    </p>

    <p class='ocr_par' dir='ltr' id='par_1_22' title="bbox 1589 3937 2104 4009">
     <span class='ocr_line' id='line_1_61' title="bbox 1589 3937 2104 4009; baseline -0.002 -15"><span class='ocrx_word' id='word_1_410' title='bbox 1589 3948 1788 4009; x_wconf 86' lang='lat' dir='ltr'><strong>plorum</strong></span> <span class='ocrx_word' id='word_1_411' title='bbox 1814 3937 2104 3996; x_wconf 70' lang='lat' dir='ltr'><strong>Germanis.</strong></span> 
     </span>
    </p>

    <p class='ocr_par' dir='ltr' id='par_1_23' title="bbox 1582 4019 2657 4313">
     <span class='ocr_line' id='line_1_62' title="bbox 1649 4019 2657 4083; baseline -0.004 -12"><span class='ocrx_word' id='word_1_412' title='bbox 1649 4029 1682 4054; x_wconf 75' lang='lat'><strong>&#39;⁷</strong></span> <span class='ocrx_word' id='word_1_413' title='bbox 1713 4022 1948 4071; x_wconf 77' lang='lat' dir='ltr'><strong>Additum</strong></span> <span class='ocrx_word' id='word_1_414' title='bbox 1989 4020 2183 4083; x_wconf 76' lang='lat' dir='ltr'><strong>vallum]</strong></span> <span class='ocrx_word' id='word_1_415' title='bbox 2236 4020 2411 4069; x_wconf 62' lang='lat' dir='ltr'><strong>hiem</strong></span> <span class='ocrx_word' id='word_1_416' title='bbox 2454 4019 2657 4083; x_wconf 53' lang='lat' dir='ltr'><strong>locum,-</strong></span> 
     </span>
     <span class='ocr_line' id='line_1_63' title="bbox 1584 4094 2647 4161; baseline -0.004 -14"><span class='ocrx_word' id='word_1_417' title='bbox 1584 4095 1833 4161; x_wconf 87' lang='lat' dir='ltr'><strong>oppidum</strong></span> <span class='ocrx_word' id='word_1_418' title='bbox 1873 4097 2130 4148; x_wconf 77' lang='lat' dir='ltr'><strong>vocabant</strong></span> <span class='ocrx_word' id='word_1_419' title='bbox 2173 4096 2335 4160; x_wconf 86' lang='lat' dir='ltr'><strong>prisci</strong></span> <span class='ocrx_word' id='word_1_420' title='bbox 2389 4094 2647 4148; x_wconf 73' lang='lat' dir='ltr'><strong>Britanni.</strong></span> 
     </span>
     <span class='ocr_line' id='line_1_64' title="bbox 1584 4170 2640 4235; baseline 0 -15"><span class='ocrx_word' id='word_1_421' title='bbox 1584 4173 1761 4221; x_wconf 83' lang='lat' dir='ltr'><strong>Caesar</strong></span> <span class='ocrx_word' id='word_1_422' title='bbox 1781 4174 1816 4222; x_wconf 92' lang='grc'><strong>1.</strong></span> <span class='ocrx_word' id='word_1_423' title='bbox 1836 4187 1890 4223; x_wconf 76' lang='grc' dir='ltr'>ν.</span> <span class='ocrx_word' id='word_1_424' title='bbox 1947 4173 1962 4202; x_wconf 86' lang='lat'>‘</span> <span class='ocrx_word' id='word_1_425' title='bbox 1991 4171 2074 4221; x_wconf 86' lang='lat' dir='ltr'><strong>Ab</strong></span> <span class='ocrx_word' id='word_1_426' title='bbox 2107 4172 2185 4220; x_wconf 85' lang='lat' dir='ltr'><strong>his</strong></span> <span class='ocrx_word' id='word_1_427' title='bbox 2222 4170 2504 4235; x_wconf 86' lang='lat' dir='ltr'><strong>cognoscit,</strong></span> <span class='ocrx_word' id='word_1_428' title='bbox 2536 4185 2640 4220; x_wconf 86' lang='lat' dir='ltr'><strong>non</strong></span> 
     </span>
     <span class='ocr_line' id='line_1_65' title="bbox 1582 4247 2642 4313; baseline 0 -17"><span class='ocrx_word' id='word_1_429' title='bbox 1582 4247 1735 4311; x_wconf 84' lang='lat' dir='ltr'><strong>longe</strong></span> <span class='ocrx_word' id='word_1_430' title='bbox 1777 4263 1841 4298; x_wconf 81' lang='lat' dir='ltr'><strong>ex</strong></span> <span class='ocrx_word' id='word_1_431' title='bbox 1879 4262 1941 4298; x_wconf 90' lang='lat' dir='ltr'><strong>eo</strong></span> <span class='ocrx_word' id='word_1_432' title='bbox 1978 4248 2094 4298; x_wconf 88' lang='lat' dir='ltr'><strong>loco</strong></span> <span class='ocrx_word' id='word_1_433' title='bbox 2115 4248 2362 4313; x_wconf 84' lang='lat' dir='ltr'><strong>oppidum</strong></span> <span class='ocrx_word' id='word_1_434' title='bbox 2385 4247 2642 4298; x_wconf 75' lang='lat' dir='ltr'><strong>Cassivel-</strong></span> 
     </span>
    </p>
   </div>
  </div>
 </body>
</html>
