3100 4925
1171 385 1585 440 ANNALIUM
1631 390 1778 441 mn.
1814 388 1968 442 xu-

2497 383 2674 457 1285

456 532 596 598 ictu
644 552 943 598 cruorem
986 532 1293 598 eliciunt*¹
1317 537 1521 616 atque
1575 532 1893 600 invicem*
1935 534 2269 607 lambunt:
2324 539 2395 604 id
2443 536 2669 606 foedus

457 652 766 698 arcanum
809 633 1107 710 habetur,
1140 633 1336 715 quasi
1369 640 1603 697 mutuo
1636 653 1873 703 cruore
1899 643 2257 707 sacratum.
2317 641 2454 706 Sed
2482 650 2667 723 tunc,

456 392 514 445 J.
537 393 600 444 c.
623 392 734 457 sa}

457 807 597 842 cruor
634 796 892 842 extremam
928 795 993 842 ad
1029 798 1180 841 cutem
1210 791 1511 854 processerit,
1550 792 1683 841 tenui
1718 760 1903 842 manere
1936 794 2213 855 sauguinem
2247 804 2504 860 exsurgunt,
2531 803 2668 863 atque

455 856 654 908 caricem
672 856 880 916 corbera,-
917 858 968 907 id
991 856 1150 918 soedus
1183 857 1530 905 sanctissimum
1559 857 1880 920 existimatur,
1910 860 2044 925 quasi
2076 866 2236 911 mutuo
2255 864 2486 928 sunguine
2512 878 2666 914 conse·

1369 982 1640 1005 cunetae
1646 984 1737 1005 ΟΝ

455 1063 616 1114 tiores
636 1070 754 1128 post
785 1066 1105 1115 Rhenanam.
1172 1066 1238 1115 In
1263 1066 1389 1116 Mss.
1414 1067 1544 1179 Reg.
1567 1066 1696 1129 Agr.
1722 1072 1778 1116 et
1811 1066 2124 1119 editionibus
2145 1070 2430 1135 veteribus,
2451 1070 2505 1121 ia
2524 1078 2662 1124 artus

453 1134 692 1178 extremos
722 1129 994 1192 suffuderit.
1060 1131 1148 1180 Sic
1172 1136 1227 1180 et
1255 1132 1356 1179 Ms.
1378 1132 1493 1180 Bod
1519 1165 1533 1180 .
1602 1130 1703 1180 Sed
1742 1132 1974 1195 margine
1995 1133 2300 1197 ascriptum.
2335 1149 2384 1184 se
2411 1134 2660 1200 efficiet-it.

457 1193 644 1243 Mallet
677 1194 749 1244 N.
773 1194 1038 1258 Heinsius,
1057 1200 1195 1244 artus
1230 1198 1464 1245 extremos
1493 1194 1772 1260 suffuderit,
1807 1196 1991 1246 omissa
2028 1199 2519 1263 praepositione.-4
2552 1203 2658 1257 Ms-

1464 1327 1677 1377 NOTAE

449 1416 513 1468 τὰ
534 1412 644 1482 ξίφη
680 1418 799 1485 ἄκρα
834 1419 1092 1485 βάψαντες,
1130 1419 1227 1484 ἅμα
1260 1421 1513 1488 ἀμφότεροι
1593 1423 1647 1472 id
1682 1423 1734 1473 in
1758 1422 2050 1473 solennibus
2092 1425 2265 1475 sacris.
2330 1425 2483 1476 Silius
2514 1427 2662 1477 vide·

450 1495 770 1565 ἑπισχόμςνοι,
797 1499 882 1547 οὐκ
921 1496 1050 1547 ἔστιν
1078 1497 1123 1562 ὅ,
1143 1514 1192 1547 τι
1227 1500 1350 1561 μετὰ
1384 1501 1512 1549 τοῦθ’

449 1571 570 1634 ἡμᾶς
586 1573 850 1623 διαλύσειεν
873 1574 948 1624 ἄν.

514 1649 660 1698 Mela
683 1663 721 1698 ῐ.
745 1654 824 1701 11.
842 1651 858 1676 ‘
884 1651 967 1699 Ne
990 1649 1190 1700 foedera
1206 1651 1416 1716 quidem
1438 1652 1510 1699 in·

449 1731 668 1774 cruenta
688 1733 839 1775 sunt:
876 1725 1113 1776 sauciant
1136 1742 1209 1789 se,
1233 1726 1320 1790 qui
1345 1727 1507 1792 pacis-

451 1806 659 1864 cuntur,
679 1807 1046 1866 exemtumque
1080 1802 1400 1866 sanguinem,
1423 1801 1510 1851 ubi

447 1876 816 1940 permiscuere,
845 1877 1160 1941 degustant!
1225 1879 1311 1927 De
1334 1876 1512 1926 Arme-

445 1951 565 2014 niis,
594 1952 834 2001 Valerius
873 1952 964 2002 lib.
996 1967 1075 2002 rx.
1107 1953 1123 1980 ‘
1147 1953 1403 2002 Sariaster
1422 1951 1510 2001 ad-

447 2041 626 2075 versus
642 2035 847 2092 patrem
866 2044 1011 2078 suum
1024 2031 1315 2094 Tigranem,
1329 2029 1510 2078 Arme·

445 2103 547 2151 niae
574 2118 769 2167 regem,
794 2104 870 2154 ita
892 2121 1007 2155 cum
1030 2107 1207 2156 amicis
1225 2107 1508 2168 consensit,

445 2186 505 2230 ut
524 2195 699 2231 omnes
734 2183 930 2233 dextris
962 2185 1198 2233 manibus
1215 2185 1510 2249 sanguinem

444 2256 733 2322 mitterent,
758 2264 915 2322 atque
941 2274 1056 2308 eum
1080 2259 1304 2309 invicem
1334 2260 1511 2308 sorbe-

445 2332 596 2383 rent!
661 2334 731 2383 Et
767 2335 1008 2384 universe
1049 2336 1397 2385 Tertullianus
1435 2335 1506 2385 A·

444 2409 765 2473 pologetico:
790 2411 806 2438 ‘
832 2410 1017 2475 Legite
1056 2411 1245 2462 necubi
1288 2412 1508 2462 relatum

443 2483 533 2547 sit,
563 2484 803 2536 diffusum
836 2486 1061 2536 brachiis
1098 2487 1396 2551 sanguinem
1435 2502 1501 2537 ex

444 2559 695 2611 alterutro
727 2563 1070 2625 degustatum,
1098 2562 1334 2613 nationes
1353 2578 1503 2627 quas-

443 2635 562 2686 dam
579 2636 764 2687 foederi
781 2653 1119 2703 comparasse.
1162 2639 1357 2688 Nescio
1375 2638 1502 2704 quid

443 2717 499 2763 et
519 2713 615 2761 sub
639 2714 864 2763 Catilina
885 2715 1218 2778 degustatum
1252 2714 1371 2765 est.'

507 2787 682 2853 Atque
710 2791 754 2839 is
795 2806 923 2855 mos,
947 2798 1154 2855 patrum
1176 2792 1334 2841 etiam
1369 2807 1504 2856 aevo,

441 2866 630 2928 passim
674 2874 914 2930 repertus
957 2868 1023 2917 ab
1075 2867 1321 2932 Hispanis
1365 2868 1506 2932 apud

442 2942 703 2994 Barbaros
745 2946 868 2995 novi
900 2946 1057 2996 orbis.
1121 2943 1226 2995 Sed
1270 2959 1368 2995 nec
1401 2947 1506 2995 Ro-

442 3021 603 3071 manis
638 3022 761 3086 ipsis
784 3021 961 3086 ignota
994 3028 1209 3072 cruenta
1229 3022 1371 3087 potio
1389 3037 1505 3087 quae

442 3096 729 3148 Assiratum
773 3097 837 3147 iis
875 3097 1034 3160 dicta,
1077 3098 1319 3162 quoniam
1356 3096 1504 3147 Assir

442 3173 665 3237 sanguis,
685 3180 744 3223 ut
765 3174 908 3224 aiunt
929 3175 1148 3224 Glossae.

507 3249 718 3299 Festum
734 3251 809 3300 ita
820 3250 997 3313 capio:
1023 3251 1038 3278 ‘
1059 3249 1350 3299 Assiratum
1367 3249 1504 3315 apud

439 3323 679 3389 antiquos
718 3326 992 3376 dicebatur
1036 3341 1195 3391 genus
1239 3326 1500 3391 quoddam

440 3400 666 3462 potionis
688 3416 754 3450 ex
787 3402 909 3450 vino
932 3408 988 3451 et
1028 3401 1276 3465 sanguine
1303 3407 1501 3466 tempe-

441 3480 632 3538 ratum,
651 3476 785 3540 quod
810 3476 983 3526 Latini
1005 3479 1163 3542 prisci
1199 3477 1501 3540 sanguinem

437 3548 579 3598 Am’r
593 3552 874 3602 vocarent!
906 3554 1020 3603 Etsi
1038 3551 1258 3605 fortasse
1277 3568 1339 3605 ea
1356 3554 1502 3622 potio

440 3624 564 3674 olim
585 3627 638 3675 in
661 3628 837 3679 sacris.

506 3702 658 3754 Quod
700 3705 918 3754 suadere
954 3706 1164 3756 videtur
1210 3703 1499 3757 Sallustius.

436 3775 675 3852 “Fuci-ef
696 3781 885 3845 inquit,
904 3782 920 3809 ‘
938 3783 1026 3846 qui
1050 3782 1304 3846 dicerent,
1323 3781 1503 3831 Catili-

438 3866 555 3902 nam
576 3854 783 3905 bumani
804 3858 1037 3920 corporis
1060 3858 1355 3920 sanguinem
1380 3857 1497 3906 vino

437 3930 766 3992 permixtum,
789 3932 842 3981 in
877 3934 1069 3998 pateris
1104 3933 1496 3984 circumtulisse.

436 4003 569 4053 Inde
589 4021 706 4056 cum
740 4015 858 4071 post
903 4010 1285 4060 execrationem
1321 4023 1497 4059 omnes

436 4075 878 4144 degustavissent‚
925 4087 1078 4136 sicuti
1114 4087 1167 4136 iu
1203 4086 1502 4137 solennibus

436 4158 595 4208 sacris
615 4159 730 4212 fieri
763 4161 1054 4225 consuevit,
1089 4161 1355 4227 aperuisse
1378 4175 1499 4212 con-

432 4229 606 4286 silium
641 4237 829 4288 suum!
894 4238 993 4289 Ait
1024 4238 1163 4289 enim
1197 4244 1499 4290 consuetum

1594 1506 1712 1549 atur
1753 1500 1969 1549 innuere
2013 1500 2146 1551 libro
2190 1514 2254 1550 ιι.
2296 1499 2313 1528 ‘
2351 1501 2513 1552 Parte
2558 1503 2660 1552 alia

1595 1577 1819 1639 supplex
1854 1575 2069 1625 infernis
2105 1574 2331 1625 Annibal
2364 1576 2464 1626 aris
2495 1575 2661 1628 Arca·

1595 1668 1717 1702 num
1739 1652 1925 1717 Stygia
1945 1653 2077 1702 libat
2100 1666 2215 1701 cum
2239 1658 2360 1701 vate
2383 1653 2658 1704 cruorem.’

1592 1729 1805 1792 Lipsius.

1653 1803 1679 1837 ‘¹
1715 1806 1940 1854 Cruor-em
1957 1803 2176 1866 eliciunt]
2214 1799 2302 1852 Sic
2318 1802 2495 1853 Valer.
2508 1803 2655 1855 Max.

1591 1878 1679 1929 lib.
1722 1893 1801 1928 lx.
1840 1878 2228 1928 ‘-Mithridates
2271 1883 2444 1927 autem
2484 1880 2653 1930 multo

1592 1954 1914 2016 sceleratius,
1951 1954 2040 2018 qui
2082 1968 2186 2002 non
2223 1968 2341 2002 cum
2373 1952 2541 2003 fratre
2584 1954 2653 2005 de

1592 2039 1812 2095 paterno
1854 2045 2036 2094 regno,
2073 2028 2167 2080 sed
2206 2043 2324 2079 cum
2353 2031 2468 2094 ipso
2501 2037 2654 2095 patre

1592 2107 1788 2156 bellum
1831 2107 1898 2156 de
1953 2105 2302 2155 dominatione
2356 2106 2555 2170 gessit:
2599 2108 2655 2158 in

1592 2198 1693 2247 quo
1718 2184 1805 2248 qui
1836 2189 1926 2233 aut
1957 2182 2188 2232 homines
2224 2182 2355 2232 ullos
2392 2183 2655 2247 adjutores

1594 2259 1812 2322 invenit,
1830 2266 1920 2309 aut
1952 2260 2095 2308 Deos
2127 2259 2368 2309 invocare
2385 2273 2536 2309 ausus
2569 2260 2657 2323 sit,

1589 2350 1699 2400 prae
1725 2334 2064 2383 admiratione
2087 2335 2276 2384 baereo.
2343 2336 2652 2399 Quanquam

1590 2409 1712 2475 quid
1735 2410 1833 2458 hoc
1874 2409 2021 2475 quasi
2054 2410 2357 2458 inusitatum
2392 2409 2494 2458 illis
2530 2425 2659 2475 gen«

1588 2488 1727 2538 tibus
1748 2487 2022 2536 miremur?
2061 2502 2178 2536 cum
2197 2487 2452 2537 Sariaster
2472 2488 2654 2538 adver·

1582 2580 1669 2614 sus
1693 2570 1897 2629 patrem
1918 2563 2366 2627 suumTigranem,
2390 2562 2652 2616 Armeniae

1580 2655 1777 2704 regem,
1815 2640 1891 2688 ita
1930 2653 2049 2688 cum
2089 2639 2265 2690 amicis
2306 2642 2649 2704 consenserit,

1581 2725 1643 2766 ut
1666 2730 1842 2765 omnes
1866 2715 2066 2764 dextris
2088 2715 2322 2765 manibus
2346 2718 2648 2779 sanguinem

1580 2790 1870 2853 mitterent,
1913 2795 2070 2854 atque
2124 2804 2240 2838 eum
2275 2789 2498 2839 invicem
2545 2806 2653 2841 sor-

1587 2868 1792 2918 berent.
1856 2866 1962 2914 Vix
1993 2863 2195 2915 ferrent
2232 2864 2309 2914 illi
2345 2878 2439 2928 pro
2480 2867 2648 2917 salute

1585 2943 1812 3008 parentis
1860 2949 1968 2991 tam
2005 2945 2228 2991 cruenta
2268 2942 2648 3006 conspiratione

1585 3018 1753 3070 foedus
1775 3016 2089 3069 facientem?

1654 3095 1904 3158 cruorem]
1987 3093 2177 3143 Foedus
2241 3093 2652 3160 percutiebatur,

1585 3170 1891 3236 quandoque
1906 3168 2115 3218 brachia
2129 3168 2273 3217 circa
2285 3169 2521 3219 humeros
2544 3170 2650 3234 gla-

1585 3246 1670 3295 dio
1708 3244 1963 3307 feriendo,
1994 3250 2049 3293 et
2088 3256 2183 3307 per
2220 3243 2380 3305 vices,
2415 3246 2647 3296 elicitum

1585 3335 1820 3370 cruorem
1841 3318 2120 3383 lingendo;
2156 3319 2295 3383 quod
2329 3321 2520 3383 Medis,
2546 3323 2650 3386 Ly-

1580 3395 1766 3460 disque
1804 3394 2184 3444 sanctissimum
2220 3392 2430 3445 foederis
2466 3396 2645 3445 vincu-

1580 3473 1687 3521 lum
1722 3477 1777 3521 et
1805 3470 2175 3535 jusjurandum.
2199 3484 2312 3520 esse
2343 3469 2647 3535 putabatur,

1586 3549 1732 3614 quasi
1767 3554 1946 3598 mutuo
1992 3561 2175 3596 cruore
2215 3552 2488 3596 sacratum.
2577 3549 2645 3599 Id

1584 3627 1722 3692 quod
1735 3623 1977 3675 Carmani
1997 3624 2299 3687 frequentes
2320 3621 2647 3689 factitarunt,

1584 3708 1644 3751 nt
1664 3702 1716 3751 iu
1736 3700 1902 3766 epulis
1917 3713 2165 3765 percussa
2180 3696 2335 3749 faciei
2358 3714 2509 3763 vena,
2526 3716 2649 3766 pro-

1580 3778 1830 3830 fluentem
1864 3791 2096 3828 cruorem
2123 3776 2246 3826 vino
2277 3778 2558 3828 miscerent
2589 3783 2650 3829 et

1577 3855 1801 3906 invicem
1835 3854 2190 3918 propinarent,
2206 3861 2438 3904 sanctum
2474 3853 2644 3905 foedus

1580 3931 1839 3992 amicitiae,
1855 3930 1899 3979 si
1932 3938 2168 3979 mutuum
2200 3931 2499 3995 sanguinem
2524 3944 2645 3995 gus-

1576 4013 1792 4070 tassent,
1813 4006 1930 4056 rati.

1604 4141 1611 4146 „
1645 4081 1802 4148 Apud
1847 4080 2052 4132 Arabes
2094 4085 2359 4131 assuetum
2403 4088 2537 4140 erat,
2581 4086 2643 4130 ut

1578 4163 1734 4210 acuto
1771 4157 1916 4207 silice
1951 4156 2142 4220 digitos
2200 4156 2420 4206 invicem
2454 4169 2651 4219 punge-

1579 4237 1718 4299 rent,
1738 4238 1794 4282 et
1832 4231 1994 4282 ve'stis
2016 4227 2283 4296 utriusque
2303 4231 2480 4282 laneos
2515 4228 2645 4280 floc-
