3100 4925
449 381 639 455 1144-
1152 400 1221 448 c.
1266 396 1636 448 connum:
1682 396 1941 450 ‘nom

348 573 351 576 ·
450 543 670 624 nem,’⁸
710 543 903 632 (nam
947 540 1260 610 Antoniaf
1299 561 1388 607 ex
1449 539 1689 607 Potina
1726 538 1898 625 erat)
1919 545 1941 578 ‘
1968 540 2132 606 nihil
2167 541 2234 606 in
2280 542 2654 610 Penatibus

449 649 599 733 ejus
625 646 917 725 novum,’
939 647 1325 723 disserebat,
1356 648 1378 679 ‘
1396 644 1456 710 si
1499 649 1684 709 sueta
1706 644 1853 728 conj
1864 664 1955 708 ux
1984 643 2261 725 rediret3
2305 645 2652 728 haudqua-

354 781 365 790 ›
450 767 658 833 quam
697 748 1157 813 novercalibus
1201 747 1377 811 odiis
1403 753 1700 811 usuram²
1727 746 1799 809 in
1839 745 2296 811 Britannicum
2339 753 2404 811 et
2442 744 2652 812 Octa·

447 850 655 928 viam,
681 849 992 933 proxima
1007 849 1157 914 suis
1172 846 1521 932 pignora.’2
1578 845 1896 912 Callistus
1924 850 1946 881 ‘
1974 848 2423 931 improbatam
2449 848 2650 928 longo

451 948 787 1030 discidio,³
841 971 947 1030 ac,
992 951 1051 1014 si
1118 969 1342 1014 rursus
1391 953 1857 1027 assumeretur,
1910 967 1993 1012 eo
2038 950 2194 1031 ipso
2253 949 2648 1031 superbam:

448 1053 768 1137 longeque
804 1053 1047 1117 rectius
1100 1052 1387 1116 Lolliam
1424 1050 1675 1129 induci,
1716 1049 1981 1133 quaudo
2022 1053 2242 1115 nullos
2267 1051 2510 1116 liberos
2537 1071 2658 1137 go-

449 1155 726 1232 nuisset,
784 1174 1067 1219 vacuam
1126 1153 1571 1231 aemulatione,
1646 1157 1713 1217 et
1767 1154 2088 1236 privignis
2143 1155 2439 1237 parentis
2495 1158 2651 1221 loco

448 1255 776 1344 futuram?
841 1253 936 1321 At
953 1257 1182 1322 Pallas
1210 1255 1281 1319 id
1310 1256 1601 1321 maxime
1621 1254 2086 1339 inAgrippina
2113 1255 2403 1334 laudare,
2424 1260 2446 1289 ‘
2470 1256 2652 1340 quod

450 1356 832 1423 Germanici
847 1364 1147 1443 nepotem
1177 1378 1405 1423 secum
1429 1359 1728 1436 traheret,
1757 1359 2030 1440 dignum
2048 1376 2324 1442 prorsus
2347 1357 2650 1442 Impera—

451 1458 621 1526 toria
647 1446 927 1539 fortuna,
974 1460 1249 1543 stirpem
1280 1459 1598 1538 nobilem,
1644 1464 1712 1524 et
1756 1458 2029 1524 familiae
2084 1458 2417 1525 Claudiaeh
2462 1467 2652 1542 quae⁴

431 1608 551 1690 fllia
569 1623 709 1686 erat)
726 1624 802 1674 sic
822 1625 951 1674 nihil
971 1639 1159 1674 novum
1181 1624 1234 1674 in
1252 1625 1366 1688 ejus
1395 1623 1591 1674 familia
1600 1625 1731 1686 fore,
1753 1624 1796 1673 si
1820 1624 1972 1673 solita
1985 1638 2116 1673 uxor
2134 1631 2488 1686 revocaretur,
2507 1637 2646 1673 eam-

450 1702 552 1756 que
594 1690 855 1738 novercali
888 1690 1097 1753 ingenio
1138 1704 1462 1753 nequaquam
1504 1704 1713 1739 usuram
1747 1688 1802 1737 in
1833 1688 2194 1738 Britannicum
2250 1696 2307 1739 et
2346 1689 2649 1750 Octaviam,

450 1751 742 1817 propinqua
780 1754 883 1803 suis
917 1755 1149 1817 pignora.
1216 1755 1414 1803 Contra
1450 1754 1678 1803 Callistus
1712 1751 2021 1813 disserebat,
2060 1753 2303 1817 Petinam,
2332 1758 2649 1803 contemtum

448 1816 692 1866 diuturno
716 1817 952 1881 repudio,
973 1826 1029 1866 et
1060 1818 1102 1866 si
1141 1832 1316 1867 rursus
1355 1818 1704 1882 acciperetur,
1720 1817 1858 1866 illam
1894 1831 1957 1865 eo
1992 1817 2009 1864 i
2049 1830 2105 1865 so
2143 1814 2284 1866 fastu
2312 1817 2650 1879 impotentem

448 1878 599 1930 fore:
634 1886 690 1930 et
721 1882 874 1946 longe
906 1882 1092 1931 melius
1131 1883 1347 1931 Lolliam
1382 1884 1588 1943 assumi,
1691 1897 1733 1930 ιε
1770 1895 1889 1930 cum
1920 1831 2113 1930 nulfam
2145 1881 2347 1943 prolem
2384 1880 2650 1941 edidisset,-

449 1959 639 2009 expers
660 1946 870 2023 invidiae
893 1954 949 2023 et
974 1947 1222 2023 privignis
1244 1946 1409 1995 instar
1430 1946 1608 1996 matris
1629 1898 1804 1994 atui-a
1825 1952 1978 1995 esset.
2044 1945 2116 1994 At
2139 1945 2305 1994 Pallas
2333 1946 2386 1994 id
2414 1945 2649 2021 precipue

445 2007 2409 2139 {itm-12:²0assfffflffg’iaeusstoizfflffmtffffi&54:22222223353323?
2417 2009 2654 2124 <35:¹32

1373 2197 1698 2221 “nvom“
1702 2201 1728 2220 0

495 2285 530 2338 2,
558 2280 715 2329 Usum
732 2280 1048 2330 Puteolanus
1058 2285 1113 2331 et
1126 2280 1479 2346 Recentiores,
1492 2295 1624 2346 quos
1638 2288 1844 2331 secutus
1856 2289 1938 2333 est
1949 2282 2175 2333 Brotier.
2196 2281 2262 2331 In
2274 2281 2503 2331 editione
2516 2278 2652 2343 prin-

452 2344 571 2408 cipe
596 2344 761 2393 oisuro
788 2344 1143 2395 Britannicum.
1164 2346 1293 2396 Mss.
1312 2347 1462 2397 Harl.
1478 2344 1629 2395 Bodl.
1648 2351 1702 2396 et
1717 2347 1829 2397 Jes.
1855 2362 2047 2396 usurum
2059 2363 2079 2404 ,-
2096 2345 2235 2411 quod
2250 2360 2351 2394 non
2374 2346 2649 2408 displicet:

452 2409 531 2461 sic
559 2408 695 2457 enim
711 2409 940 2459 variatur
973 2411 1153 2461 oratio.
1198 2410 1510 2462 Erotion—s
1557 2411 1643 2461 Sic
1676 2410 1911 2462 dedimus
1934 2426 2028 2476 pro
2042 2411 2256 2474 discidio,
2271 2417 2329 2459 ut
2338 2410 2450 2473 jam
2469 2423 2612 2473 saepe
2634 2424 2652 2457 τ

448 2480 506 2525 et
544 2474 619 2523 sic
652 2488 855 2538 quoque
906 2474 1099 2524 habent
1136 2476 1268 2525 Mss.
1308 2477 1442 2540 Reg.
1488 2482 1545 2526 et
1604 2490 1764 2526 meus.
1823 2476 2153 2542 Bython—⁴
2189 2477 2310 2532 Quoe
2359 2474 2654 2523 redundare

448 2537 759 2603 opinabatur
798 2539 1059 2589 Muretus.
1124 2539 1283 2589 Certe
1315 2540 1360 2590 si
1395 2555 1498 2590 vox
1537 2540 1630 2589 illa
1648 2541 1872 2603 abesset,
1890 2540 2101 2591 citatior
2139 2538 2489 2602 illustriorque
2512 2537 2655 2588 foret

449 2603 635 2653 oratio.
702 2602 858 2652 Haud
883 2609 1056 2652 tamen
1085 2604 1271 2654 vitiosa
1293 2611 1391 2654 est.
1456 2606 1677 2654 Frustra
1697 2620 1825 2671 ergo
1840 2606 1992 2655 multi
2011 2606 2147 2654 hunc
2166 2605 2340 2654 locum
2375 2616 2652 2664 vexavere,

490 2682 580 2716 uos
603 2666 740 2716 inter
765 2666 1037 2729 Heinsius,
1062 2669 1149 2732 qui
1170 2668 1247 2718 ita
1268 2668 1599 2728 emendabat,
1619 2671 1768 2734 stirpe
1785 2669 1988 2719 nobilem
2003 2665 2425 2781 Agrippinum&
2444 2665 2655 2727 familiae

492 2731 603 2781 uliae
641 2731 942 2794 Claudiaeque
970 2738 1181 2795 posteros
1215 2733 1510 2795 conjungere.
1554 2732 1782 2783 Brotier.
1848 2734 2015 2784 Valde
2050 2748 2108 2783 su
2147 2738 2239 2781 ant
2269 2732 2325 2780 in
2357 2732 2459 2781 loci
2496 2731 2654 2794 hujus

448 2794 823 2845 constitutione
844 2796 1188 2860 Interpretes.
1255 2797 1318 2847 In
1355 2798 1484 2848 Cod.
1504 2811 1622 2847 meo
1647 2812 1679 2846 a
1713 2798 1880 2862 prima
1916 2812 2067 2847 manu
2100 2803 2201 2859 est,
2234 2797 2431 2858 dignam
2465 2809 2657 2858 prorsus

449 2860 488 2913 i.
508 2859 559 2919 s.
601 2860 804 2911 scilicet
841 2858 1216 2925 Agrippinam:
1251 2862 1392 2927 quod
1449 2862 1786 2913 vehementer
1819 2863 2014 2926 placet.
2098 2861 2473 2923 Intempestive
2515 2859 2654 2907 enim

451 2923 627 2973 Pallas
650 2925 746 2974 hoc
770 2924 839 2973 de
868 2926 1082 2975 Nerone
1116 2925 1368 2976 dixisset:
1410 2941 1577 2991 neque
1599 2928 1736 2977 enim
1756 2932 1867 2976 tum
1888 2928 1973 2976 vel
1996 2939 2088 2989 per
2111 2925 2360 2975 somnium
2386 2922 2654 3000 cogitabat

448 2988 615 3037 adhuc
635 2988 885 3038 Claudius
907 2988 975 3039 de
995 2990 1214 3040 Domitii
1232 2989 1529 3053 adoptione.
1597 2991 1821 3055 Reliqua
1852 2990 2014 3040 verba
2043 2989 2118 3037 ita
2158 2988 2367 3051 legebat
2403 2988 2651 3037 Nicolaus

453 3052 732 3102 Heinsius:
766 3052 915 3117 stirpe
950 3054 1148 3104 nobilem
1189 3054 1428 3121 (Nerone
1460 3052 1833 3121 Agrippinam)
1854 3058 1903 3104 et
1921 3053 2132 3115 suffitia*
2163 3053 2312 3102 Juliae
2351 3052 2655 3113 Claudioeque

1420 3142 1644 3226 Nom:

450 3248 573 3303 cidit
595 3250 972 3316 suspicionem?
1592 3272 1623 3306 a
1645 3256 1856 3306 Nerone
1877 3255 2071 3307 occisa.

510 3332 537 3361 Φ
570 3326 829 3377 Familiam
864 3327 1172 3394 commutem]
1226 3329 1332 3382 Alii
1348 3331 1513 3397 ,filiam
1654 3333 2037 3384 ‘Praxi-menis
2047 3330 2276 3396 pig-nora]
2298 3329 2361 3380 Id
2381 3333 2479 3389 est,
2501 3342 2654 3392 prox-

2323 404 2415 469 [A.
2440 406 2651 458 uem
2687 453 2692 458 .

448 3402 658 3463 volunt:
692 3408 923 3454 attamen
939 3402 998 3452 τὸ
1027 3405 1270 3465 sarraliam
1300 3408 1513 3458 tolerari

446 3482 654 3541 potest3
685 3491 803 3527 narn
829 3485 938 3527 tum
976 3477 1172 3530 familia
1211 3484 1513 3548 communis,

448 3564 567 3602 curn
596 3559 719 3602 sunt
749 3553 902 3603 liberi
919 3569 1230 3618 communes,
1254 3566 1309 3607 st
1345 3557 1511 3608 Anto-

448 3627 586 3681 niam
602 3629 1167 3692 susceperat‘Claudius
1188 3645 1255 3680 ex
1269 3631 1478 3683 Petiua.

510 3703 534 3736 f
560 3704 793 3768 Antonia]
834 3706 920 3755 De
938 3721 1038 3771 qua
1058 3705 1194 3758 infra
1212 3708 1339 3759 Tac.
1361 3710 1379 3737 ‘
1405 3708 1510 3759 An-

450 3782 648 3832 toniam
670 3787 875 3846 quoque
917 3788 975 3831 et
997 3784 1277 3833 Octaviam
1310 3800 1509 3836 sorores

445 3855 598 3922 ejus,'
630 3856 943 3923 (Britannici
986 3858 1197 3924 nempe)
1227 3861 1244 3889 ‘
1263 3861 1509 3927 attinuit,'

446 3947 634 4001 nempe
690 3933 787 3984 sub
837 3941 1069 3991 mortem,
1112 3936 1333 4000 Claudii,
1385 3939 1508 3988 dum

445 4024 529 4061 res
551 4012 864 4061 successoris
903 4011 1294 4063 ordinarentur:
1329 4013 1513 4078 sicque
1546 4070 1549 4074 ,

442 4087 635 4138 mansit
655 4085 882 4137 Antonia
912 4089 968 4136 in
1007 4088 1284 4151 penatibus
1319 4089 1506 4153 princi·
1540 4080 1554 4100 ¹

447 4163 542 4227 pis.
608 4161 742 4216 Hoec
765 4165 1022 4228 desponsa
1040 4162 1216 4214 fuerat
1233 4164 1328 4215 Cn.
1352 4167 1504 4215 Pom-

444 4240 568 4307 peio
589 4238 801 4317 Magno,
823 4238 943 4289 dein
959 4238 1155 4295 Fausto
1177 4237 1362 4304 Syllae:
1383 4254 1505 4291 mox

1589 3409 1695 3459 ima
1726 3409 1993 3472 Antoniae,
2014 3415 2069 3458 et
2112 3407 2177 3457 iis
2213 3405 2389 3455 liberis
2412 3412 2552 3469 ssquos
2582 3418 2652 3453 ex

1588 3483 1769 3547 futuro
1801 3482 2127 3533 matrimonio
2168 3483 2433 3545 suscipere
2479 3485 2656 3545 posset

1589 3561 1802 3623 Petina,
1827 3566 1883 3609 et
1905 3566 2051 3610 certe
2087 3558 2334 3624 propiora
2354 3572 2419 3607 ea
2436 3557 2656 3621 pignora

1591 3652 1742 3702 quam
1766 3637 1928 3701 Nero,
1946 3637 2035 3701 qui
2060 3650 2127 3685 ex
2149 3635 2384 3686 Domitio
2405 3633 2652 3684 AEnobar·

1592 3712 1658 3761 bo
1680 3718 1737 3761 et
1752 3711 2044 3775 Agrippina
2062 3711 2288 3776 genitus.

1655 3787 1803 3837 Alios
1824 3786 2013 3837 liberos
2033 3786 2217 3836 habuit
2238 3801 2304 3835 ex
2326 3784 2655 3849 Urgulanilla

1591 3864 1756 3928 prima
1772 3877 1952 3926 uxore,
1974 3864 2406 3927 nempe-Drusum
2426 3866 2481 3909 et
2496 3860 2653 3911 Clau-

1589 3939 1760 4000 dium3
1789 3939 1881 3989 sed
1905 3940 2107 3988 Drusus
2132 3952 2261 4001 pyro
2301 3937 2653 4000 strangulatus

1589 4015 1767 4080 periit,
1787 4021 1843 4064 et
1864 4014 2133 4064 Claudiam
2155 4027 2220 4061 ex
2244 4013 2437 4062 Botere
2461 4011 2653 4062 liberto

1588 4098 1892 4156 conceptam
1933 4091 1999 4140 ad
2032 4090 2211 4140 matris
2235 4090 2452 4153 januam
2488 4088 2651 4154 abjici

1586 4164 1777 4234 *am
1790 4167 1967 4231 jussit.
2003 4166 2216 4215 Sueten.
2241 4170 2323 4216 27.

1645 4232 1775 4293 lmEt
1816 4240 2028 4302 familia
2061 4248 2065 4252 “
2091 4240 2327 4306 Clmcdiae]
2393 4239 2650 4308 Expedi&
