3100 4925
2488 356 2661 424 1461

459 510 695 592 vulgus
737 509 905 573 iram
958 507 1175 574 Deum
1218 507 1578 591 portendintx
1618 508 1971 572 crediderit
2017 510 2333 574 adversus
2376 510 2658 592 facinus,

462 612 572 674 cui
598 610 899 693 plerique
942 610 1139 672 etiam
1170 609 1509 672 hominum
1558 605 2007 690 ignoscebant,
2054 612 2356 693 antiquas
2383 612 2660 675 fratrum

462 712 859 777 discordiasu
905 716 973 774 et
1018 710 1411 774 insociabile
1460 709 1774 791 Regnum
1832 711 2285 776 aestimantes.3
2359 711 2663 779 Tradunt

456 814 781 898 plerique⁰
800 832 1028 876 eorum
1056 817 1456 894 temporump
1477 813 1854 895 scriptores,
1876 816 1897 845 ‘
1920 813 2170 876 crebris
2200 817 2353 877 ante
2380 812 2661 878 exitium

456 371 509 424 J.
535 370 596 422 e.
614 371 722 435 sa]
1137 365 1548 427 ANNALmM
1597 367 1744 416 mn.
1791 367 1966 417 xm.

462 978 758 1042 usqueadeo
779 977 1123 1040 ingruentibus,
1156 982 1212 1026 ut
1238 978 1369 1041 plebs
1389 978 1734 1029 existimaverit
1770 976 1891 1026 hinc
1925 976 2048 1025 iram
2083 976 2328 1026 numinum
2349 975 2663 1026 demonstrari

458 1043 677 1091 adversus
700 1042 805 1091 tale
824 1043 1020 1103 crimen,
1039 1043 1115 1091 cui
1148 1050 1319 1092 tamen
1352 1044 1560 1105 plerique
1580 1044 1727 1090 etiam
1747 1042 2016 1089 mortalium
2043 1040 2315 1103 parcebant,
2348 1045 2659 1104 reputantes

460 1105 641 1155 animis
662 1110 842 1155 veteres
849 1106 1067 1165 fratrum
1086 1107 1407 1168 dissensiones,
1428 1112 1476 1157 et
1504 1105 1744 1155 societatis
1775 1105 1972 1154 insciam
2003 1104 2420 1167 impatientemque
2451 1104 2663 1152 domina-

460 1170 635 1220 tionem
653 1170 996 1220 existimantes.
1062 1170 1285 1220 Ser-ibunt
1297 1171 1512 1235 plerique
1532 1171 1634 1231 eius
1652 1170 1745 1219 oevi
1773 1174 1998 1233 auctores,
2029 1169 2189 1218 multis
2219 1168 2505 1232 crebrisque
2534 1173 2659 1218 ante

1377 1315 1402 1334 O
1408 1316 1433 1334 Ι
1436 1315 1728 1335 ΙΟΝΝΜΟ

461 1414 492 1459 3
525 1410 614 1460 Ita
636 1410 739 1460 Ms.
762 1410 939 1461 Vatic.
962 1414 1104 1460 1958.
1128 1415 1184 1458 et
1205 1409 1540 1473 Puteolanus,
1570 1416 1727 1473 atque
1750 1410 2015 1460 Ernestus.
2081 1409 2146 1459 Iu
2167 1408 2296 1457 Mss.
2314 1406 2486 1457 Vatic.
2510 1409 2658 1458 1868.

460 1473 589 1536 Agr.
613 1473 789 1525 Guelf.
812 1474 922 1525 Jes.
947 1480 1002 1522 et
1023 1474 1250 1522 editione
1272 1474 1526 1537 principe,
1550 1474 1851 1522 extimantes.
1914 1474 1980 1522 In
2005 1474 2134 1524 Mss.
2155 1473 2329 1522 Vatic.
2353 1476 2498 1522 1864.
2516 1472 2659 1522 Flor.

458 1538 589 1601 Reg.
606 1544 662 1586 et
682 1539 973 1598 Rhenanus,
988 1538 1327 1586 existimantes.
1396 1538 1744 1586 Exi-stimantes
1765 1537 1906 1587 edidi
1944 1538 2245 1586 Rhenanum
2265 1543 2495 1586 secutus.
2561 1537 2664 1585 Be-

459 1601 665 1651 roaldus
698 1602 844 1651 dedit
874 1602 1178 1651 aestimantes.
1245 1602 1473 1650 Pichena
1502 1615 1571 1650 ex
1604 1602 1743 1650 Flor.
1778 1602 2090 1651 extimantes.-
2121 1599 2373 1664 quomodo
2405 1599 2606 1663 pariter
2627 1614 2662 1649 a

460 1679 615 1715 manu
644 1665 812 1729 prima
841 1666 895 1713 in
931 1681 1071 1725 meo;
1105 1680 1137 1713 a
1173 1665 1398 1715 secunda
1413 1680 1559 1727 vero,
1592 1666 1896 1715 aestimantes.
1960 1665 2063 1714 Sed
2100 1679 2214 1714 cum
2253 1663 2431 1712 extimo
2453 1678 2554 1713 vox
2590 1663 2663 1714 sit

458 1728 628 1779 minus
650 1730 852 1792 Latina,
889 1731 966 1779 uti
999 1730 1065 1779 ad
1089 1729 1452 1792 etymologiam
1483 1729 1784 1791 respicienti
1797 1734 1983 1791 ·patet;
2018 1728 2221 1793 (cestimo
2243 1727 2380 1776 enim
2401 1733 2485 1776 est
2508 1727 2574 1775 ab
2595 1742 2663 1776 ωε

460 1801 516 1842 et
536 1796 672 1855 τιμῶ,
709 1794 775 1844 ab
812 1794 995 1842 aestimo
1017 1808 1139 1842 vero
1161 1791 1427 1857 existimet)
1460 1799 1515 1842 et
1536 1793 1792 1854 oestimare,
1811 1792 1978 1842 Taciti
2000 1792 2342 1855 temporibus,
2380 1804 2474 1852 pro
2494 1790 2662 1840 existi-

459 1864 605 1919 mare,
626 1858 871 1919 nondum,
892 1864 952 1906 ut
976 1864 1119 1920 puto,
1141 1857 1384 1917 dixerint,
1404 1857 1734 1907 existimantes
1755 1857 1910 1907 edere
1942 1856 2101 1906 satius
2118 1855 2261 1905 ‹lu-xi.
2324 1853 2479 1905 Quod
2515 1854 2661 1904 dein·

461 1935 583 1986 ceps
617 1923 790 1986 reperi
831 1921 883 1970 in
926 1922 1031 1972 Ms.
1066 1922 1198 1984 Reg.
1222 1922 1454 1985 Ryckius.
1488 1921 1779 1971 Gronovius
1816 1935 2018 1986 quoque
2053 1919 2216 1971 habet
2250 1918 2661 1971 existimantes.—

1454 2058 1668 2111 NOTAE

525 2168 540 2202 ¹
571 2170 830 2235 Imbribus]
861 2173 1099 2223 'restibus
1123 2172 1297 2223 Dione
1334 2177 1391 2223 et
1422 2172 1521 2223 Zo-

462 2260 604 2308 nara,
629 2263 794 2311 gypso
818 2249 1035 2298 oblitum
1059 2254 1174 2298 erat
1195 2263 1382 2313 corpus
1404 2247 1518 2298 Bri-

461 2322 679 2374 tannici.
742 2324 846 2373 Sed
881 2323 943 2373 iis
973 2323 1130 2373 fidem
1159 2324 1377 2387 abrogat
1399 2325 1519 2388 Lip-

460 2399 583 2448 sius.
628 2400 705 2449 Ut
727 2405 787 2449 ut
810 2400 876 2449 sit
900 2400 964 2449 de
985 2399 1144 2464 factu,
1168 2399 1445 2465 contendo,
1466 2400 1520 2449 id

461 2474 539 2524 ita
560 2474 672 2537 fieri
697 2476 947 2538 potuisse.

523 2550 662 2600 Nam
679 2551 803 2600 licet
820 2557 999 2614 noctu,
1020 2556 1192 2602 tamen
1212 2550 1348 2600 haud
1367 2551 1522 2601 dubie

463 2622 529 2675 ad
553 2638 729 2674 cereos
752 2631 808 2674 et
829 2625 969 2676 faces
993 2627 1160 2676 elatus
1191 2632 1273 2677 est
1295 2628 1523 2690 juvenis,

462 2704 518 2748 et
536 2701 699 2750 multo
721 2701 810 2750 illo
844 2702 1009 2753 imbre
1044 2702 1217 2766 potuit
1251 2717 1468 2771 gypsum
1490 2717 1521 2751 e

460 2772 598 2825 facie
622 2776 864 2841 abstergi,
885 2783 941 2828 et
963 2778 1039 2827 sic
1057 2779 1239 2827 veneni
1276 2778 1405 2827 livor
1433 2792 1522 2841 ap·

461 2866 666 2914 parere,
688 2859 744 2902 et
765 2854 906 2902 clare
925 2853 1089 2902 videri
1112 2853 1397 2918 praesertim
1431 2852 1520 2902 ho-

459 2927 681 2976 minibus
702 2928 758 2976 id
778 2929 1217 2991 suspectantibus,
1254 2929 1522 2992 praemoni·

459 3003 653 3068 tisque,
674 3010 728 3073 et
761 3005 826 3054 ad
861 3005 915 3053 id
952 3004 1183 3069 impense
1207 3006 1522 3055 attendenti·
1566 3052 1570 3055 .

459 3078 584 3139 bns;
620 3084 673 3127 et
692 3094 808 3128 cum
832 3080 1009 3129 Romae
1045 3078 1230 3130 funera
1252 3092 1410 3130 noctu
1435 3080 1521 3131 de·

463 3152 796 3217 ducerentur,
843 3155 916 3203 sic
961 3170 1217 3219 nunquam
1264 3157 1521 3220 potuisset

459 3228 782 3293 deprehendi
804 3231 938 3280 livor
960 3231 1012 3280 in
1036 3230 1310 3282 cadavere.
1372 3232 1389 3260 ‘
1408 3234 1521 3283 Μοὲ

456 3306 709 3357 rientibus
730 3310 909 3358 oculos
935 3309 1136 3372 operire
1171 3325 1446 3374 rursusque
1468 3311 1520 3360 in

447 3390 585 3448 'rogo
610 3383 928 3447 patefacere'
951 3385 1108 3435 moris
1132 3384 1249 3437 fuit.
1316 3387 1454 3437 Plin.

521 3457 821 3510 Sufficiebat
842 3467 987 3511 certe
1010 3461 1268 3511 ministros
1302 3462 1442 3526 ipsos
1465 3461 1519 3511 id

461 3531 862 3597 deprehendisse
885 3542 975 3585 aut
998 3544 1342 3600 suspectasse‚
1364 3543 1423 3587 ut
1446 3538 1520 3588 sic

457 3609 717 3658 memoriae
741 3611 1068 3673 proderetur.
1124 3613 1283 3662 Forte
1304 3612 1380 3661 illi
1401 3628 1519 3663 auc-

458 3687 599 3732 tores
622 3686 787 3734 secuti
809 3702 874 3736 ex
903 3694 1052 3750 parte
1074 3689 1395 3752 Suetonium,
1430 3690 1518 3753 qui

451 3763 640 3820 postero
660 3760 737 3810 die
770 3763 952 3825 raptim
992 3765 1184 3813 elatum
1223 3763 1382 3814 fuisse
1404 3765 1520 3814 Bri·

458 3834 719 3883 tannicum
744 3835 980 3888 affirmat.

521 3908 655 3958 Side
673 3911 768 3974 die,
797 3914 873 3961 sic
909 3915 1179 3978 ingruente
1223 3917 1398 3979 pluvia
1434 3919 1521 3968 ab·

458 3985 618 4048 stergi
664 4000 881 4050 gypsum
917 3995 973 4037 et
1010 3989 1353 4042 animadverti
1390 3994 1522 4043 livor

456 4059 509 4106 in
531 4056 668 4108 facie
705 4066 762 4109 et
796 4072 1012 4125 corpore
1052 4061 1207 4114 facile
1247 4068 1520 4129 potuisset.

455 4135 596 4185 Puto
633 4142 829 4201 tamen,
867 4153 1084 4202 gypsum
1124 4140 1256 4191 illud
1293 4142 1468 4193 fictum
1492 4160 1523 4193 a

458 4212 657 4264 Graecis
693 4228 829 4278 esse,
865 4229 983 4265 cum
1021 4206 1087 4267 'de
1110 4231 1172 4267 eo
1192 4218 1383 4270 sileant
1404 4234 1523 4272 auc-

937 4326 964 4337 ι.

1576 2215 1579 2218 .
1604 2174 1745 2220 tores
1765 2170 1921 2221 Rom.

1664 2254 1703 2279 ¹¹¹
1725 2246 1858 2296 Iram
1877 2248 2039 2296 Deum
2057 2244 2298 2309 portendi]
2330 2244 2400 2294 Et
2419 2243 2472 2293 id
2496 2257 2562 2293 ex
2584 2244 2662 2293 in·

1603 2321 1755 2385 genio
1778 2321 1952 2385 vulgi;
1985 2321 2060 2370 sie
2079 2319 2203 2370 Tac.
2237 2323 2272 2371 l.
2295 2333 2372 2369 iv.
2413 2320 2557 2370 Hist.
2579 2323 2663 2370 26.

1602 2396 1692 2448 ubi
1717 2397 1783 2446 de
1802 2399 1984 2447 Rheno
2008 2405 2278 2448 arescente
2314 2412 2407 2463 per
2428 2403 2663 2447 aestatem

1602 2482 1659 2526 et
1680 2477 1765 2525 vix
1789 2477 1959 2526 navim
1982 2477 2248 2541 patiente:
2279 2477 2297 2504 ‘
2322 2476 2481 2540 Apud
2504 2476 2663 2538 impe·

1602 2551 1730 2600 ritos
1760 2551 1983 2615 prodigii
2019 2554 2135 2601 loco
2168 2552 2523 2616 accipiebatur
2551 2552 2667 2615 ipsa

1604 2641 1847 2692 aquarum
1884 2629 2118 2691 penuria,
2153 2634 2395 2693 tauquam
2427 2642 2521 2676 nos
2560 2640 2666 2676 am·

1603 2716 1695 2752 nes
1719 2718 1923 2768 quoque
1962 2710 2018 2752 et
2039 2710 2221 2752 vetera
2258 2701 2462 2765 imperii
2499 2702 2664 2751 muni·

1603 2782 1779 2827 menta
1796 2777 2122 2827 desererent:
2158 2777 2297 2841 quod
2337 2776 2391 2824 in
2406 2790 2536 2840 pace
2553 2775 2662 2825 fors

1603 2868 1694 2902 seu
1716 2859 1916 2911 natura,
1951 2859 2075 2902 tunc
2110 2857 2165 2901 et
2186 2850 2351 2901 fatum
2372 2857 2428 2900 et
2459 2850 2538 2900 ira
2557 2850 2665 2901 Dei

1604 2929 1924 2980 vocabatur!

1664 3013 1691 3081 g
1711 3006 1947 3070 Antiquos
1955 3005 2174 3066 fratrum
2189 3003 2472 3067 discordias]
2505 3004 2665 3054 Forte

1601 3086 1867 3149 praecipue
1899 3083 2242 3135 attendebant
2263 3083 2329 3133 ad
2356 3084 2667 3134 discordiam

1602 3159 1820 3209 fratrum
1843 3160 2095 3222 Remique
2119 3166 2175 3209 et
2201 3158 2420 3222 Romuli,
2445 3159 2531 3224 qui
2562 3159 2666 3223 pri·

1599 3235 1670 3284 mi
1687 3236 1837 3284 Rom.
1851 3235 2118 3298 imperium
2134 3234 2475 3283 condiderant
2489 3249 2505 3295 3
2527 3234 2667 3286 forte

1601 3316 1658 3359 et
1677 3310 1743 3358 ad
1766 3310 2040 3358 Romulum
2064 3315 2120 3358 et
2135 3310 2343 3360 Tatium
2362 3309 2668 3361 Sabinorum

1602 3399 1794 3448 regem.
1879 3384 2018 3434 Nam
2081 3385 2325 3434 Romulus
2389 3391 2667 3450 utrumque

1602 3463 1751 3525 regni
1772 3462 1968 3512 socium
1992 3463 2282 3524 interemit3
2317 3464 2448 3513 adeo
2479 3476 2562 3512 res
2586 3469 2668 3517 est

1596 3538 1914 3590 insociabilis
1955 3538 2265 3588 dominatio!
2314 3540 2331 3568 ‘
2358 3538 2476 3589 Nec
2510 3538 2667 3589 Pom·

1599 3614 1746 3678 peius
1770 3613 1910 3663 ferre
1933 3629 2131 3679 parem,
2146 3615 2385 3664 Caesarve
2403 3613 2666 3679 priorem!

1664 3691 1924 3755 Antiquos]
1975 3691 2060 3741 Ad
2085 3692 2389 3742 Graecorum
2423 3691 2666 3741 historias

1601 3782 1694 3817 seu
1737 3766 1940 3817 fabulas
1982 3765 2121 3817 forte
2165 3766 2533 3832 respiciebant,
2574 3767 2670 3817 sed

1602 3844 1868 3908 praecipue
1911 3843 1975 3892 ad
2021 3844 2213 3907 primos
2260 3845 2436 3893 Romae
2480 3844 2672 3909 Reges,

1604 3920 1821 3968 Remum
1847 3926 1903 3968 et
1924 3919 2229 3984 Romulum..

1667 4002 1690 4026 ⁰
1727 3995 1944 4044 Tradunt
1963 3994 2193 4058 plerique]
2229 3995 2357 4044 Cum
2391 3994 2466 4044 sic
2487 3993 2670 4044 scribit

1601 4071 1817 4120 Tacitus
1862 4069 2018 4120 fidem
2079 4071 2402 4134 aliquatenus
2447 4069 2670 4133 derogat

1604 4146 1920 4211 auctoribus,
1952 4153 2011 4196 ut
2033 4147 2120 4212 qui
2142 4145 2336 4195 invidia
2359 4136 2668 4209 temporum,

1605 4228 1662 4273 et
1682 4222 1802 4275 odio
1821 4222 2064 4287 Neronis,
2095 4221 2219 4272 talia
2240 4219 2561 4287 scripserinu
2571 4234 2668 4269 oze-
