3100 4925
469 368 646 435 12⁷1)

1178 382 1242 428 Ο.
1289 379 1486 431 comi
1498 379 1654 429 Em!
1702 378 1954 434 ἜΑὓΙῬῙ

2337 382 2656 448 [mimos.

476 508 949 579 venerationem
977 504 1255 589 augebat
1270 503 1603 585 foeminae-3
1654 521 1859 587 quam
1891 501 2285 586 Imperatore
2299 503 2659 587 geniatum

471 625 763 725 sororem
791 608 958 692 ejus,
988 608 1102 690 qui
1130 625 1344 670 rerum
1373 605 1636 689 potitus
1657 605 1766 683 sit,
1811 609 1875 667 et
1914 604 2262 687 conjugem
2291 609 2355 667 et
2385 609 2659 669 matrem

471 771 582 820 Gaii
601 771 681 834 qui
695 771 1014 835 imperaverit,
1033 776 1083 822 et
1101 748 1293 821 uxorem
1307 775 1353 820 et
1365 775 1606 835 parentem
1615 769 1771 873 fuisse
1787 768 2050 833 principis,
2064 770 2249 818 unicum
2260 770 2481 818 maenus
2502 782 2659 818 em·
2738 797 2744 803 ·

1451 900 1671 950 NOTAE

470 1057 585 1092 one.
641 1041 744 1092 Ait
765 1043 817 1092 in
851 1044 1160 1107 Capitolium
1192 1044 1391 1108 ingredi
1415 1059 1525 1094 car·

468 1125 957 1183 pento,condessum
980 1121 1299 1184 Agrippinae.
1350 1122 1526 1175 Quid?

468 1196 526 1245 iu
563 1194 869 1258 Capitolium
912 1198 1147 1247 tantum?
1181 1207 1357 1246 vereor
1380 1204 1438 1246 ut
1454 1199 1526 1246 ni-

468 1270 563 1318 mis
579 1277 825 1333 anguste,
812 1287 824 1299 ·
859 1278 915 1320 et
954 1278 1097 1320 certe
1131 1287 1231 1321 non
1266 1273 1330 1321 ad
1355 1272 1525 1321 exem·

407 1356 422 1371 ³
467 1347 609 1409 plum
632 1347 962 1406 Messaninae,
985 1363 1099 1411 quae
1129 1350 1289 1396 etiam
1311 1362 1525 1411 carpen-

471 1427 527 1468 to
562 1420 734 1469 mariti
764 1422 841 1469 sui
879 1436 1089 1471 currum
1127 1432 1306 1472 secuta
1347 1425 1522 1473 trium-

457 1496 694 1558 pirantis.

513 1571 753 1635 Denique
765 1569 869 1620 Dio
886 1571 1023 1631 laxe,
1038 1571 1088 1620 ἐν
1101 1573 1204 1621 ταῖς
1218 1571 1524 1637 πανηγύρεσι,

425 1706 433 1713 .
459 1646 560 1706 -ait,
580 1645 634 1694 id
656 1654 756 1708 est,
787 1662 875 1710 per
898 1646 1053 1707 festos
1092 1663 1246 1698 omues
1287 1650 1520 1713 latosque.

455 1723 583 1772 Nec
621 1729 796 1772 tamen
836 1732 978 1772 muto
1016 1726 1289 1790 quicquam
1313 1734 1404 1776 aut
1445 1741 1522 1775 re-

459 1811 619 1861 pono.
658 1799 906 1862 Carpenti
942 1798 1157 1848 formam
1176 1815 1348 1849 veram
1371 1816 1520 1851 erues

456 1889 532 1923 ex
561 1875 776 1924 nummis
817 1873 1153 1938 Agrippinam
1192 1884 1248 1924 et
1269 1878 1355 1941 qui
1376 1876 1521 1926 diffe-

462 1956 546 2001 r'at
571 1966 603 1999 a
642 1951 821 2012 rheda,
843 1953 1036 2015 aliquid
1054 1955 1188 2015 apud
1211 1955 1518 2003 Pausaniam

459 2026 576 2074 L'v.
619 2025 673 2072 in
709 2025 1054 2089 descriptione
1089 2027 1350 2090 Olympiae
1375 2030 1515 2078 ludo·

462 2110 594 2150 rum.
625 2101 836 2164 Lipsius.

526 2176 685 2236 Puto,
719 2177 929 2226 Tacitus
964 2177 1017 2224 iu
1045 2176 1339 2239 Capitolium
1361 2192 1515 2227 curru

452 2259 668 2303 vectam
690 2251 837 2316 dicit,
857 2267 951 2317 per
966 2254 1345 2315 excellentiam,
1365 2262 1514 2318 utpo-

462 2335 516 2377 te
556 2328 694 2392 quod
739 2330 986 2391 templum
1027 2337 1166 2381 esset
1207 2332 1354 2382 Jovis
1383 2332 1515 2396 Opt.

460 2402 609 2453 Max.
654 2405 770 2453 Etsi
814 2405 867 2453 iu
910 2406 1035 2454 illud
1072 2408 1319 2471 templum
1362 2423 1515 2457 curru

460 2487 616 2527 vecta
657 2487 755 2543 est,
793 2495 824 2528 a
862 2480 1063 2530 fortiori
1105 2483 1155 2531 in
1191 2485 1289 2533 alia
1321 2487 1517 2548 templa

456 2552 676 2603 minora.
767 2555 885 2604 Hoc
939 2572 1149 2606 summae
1184 2558 1427 2622 fortuna»,
1461 2570 1517 2611 et

457 2629 758 2694 principalis
801 2629 997 2698 fastigii
1053 2634 1225 2695 decus,
1262 2642 1316 2684 et
1353 2636 1517 2685 instar

374 2701 380 2705 ’
458 2708 698 2769 perpetui
737 2706 982 2770 triumphi
1019 2714 1134 2758 erat
1172 2710 1223 2759 in
1264 2712 1510 2763 foemina:

454 2780 511 2829 in
536 2781 803 2860 triumphis
836 2783 1098 2846 praecipue
1132 2786 1343 2837 adibant
1365 2788 1514 2853 Capi-

456 2858 656 2908 tolium.
929 2877 960 2891 ·

518 2933 869 2998 Sacerdotibus]
906 2936 985 2984 Ex
1010 2949 1134 2985 voce
1154 2937 1243 2986 illa
1261 2940 1513 2989 sacerdoti-

453 3008 554 3071 bus,
577 3010 717 3058 illam
738 3009 1016 3058 dividendo
1056 3011 1110 3058 iu
1152 3013 1278 3061 ditas
1318 3022 1511 3075 partes,

417 3082 695 3132 -feceruut
732 3083 879 3131 sacris
912 3084 1194 3134 Druidibus.
1259 3087 1363 3136 Sed
1386 3087 1509 3152 quid

451 3157 536 3206 bic
565 3158 806 3218 Druides,
842 3172 968 3221 quos
1001 3161 1366 3211 aversabantur
1405 3164 1509 3213 Ro-

445 3234 590 3283 mani
620 3240 676 3282 et
709 3233 1151 3284 exterminabant?
1188 3239 1302 3301 quis
1327 3239 1508 3289 Roma·

444 3321 629 3360 torum
652 3325 809 3359 sacros
830 3311 1044 3360 Druides
1060 3311 1239 3362 dicat?

446 3407 453 3416 .
516 3384 681 3435 Sacris
700 3386 983 3449 amiqnitas]
1035 3389 1120 3436 De
1161 3388 1380 3439 AEdituis
1421 3391 1508 3440 hic

450 3460 804 3524 hariolautu53
839 3469 893 3511 at
935 3470 1080 3511 certe
1115 3464 1238 3514 lieet
1277 3467 1318 3513 is
1351 3467 1510 3515 honor

447 3537 801 3588 sacerdotibus
855 3545 911 3588 et
966 3540 1119 3588 sacris
1170 3543 1504 3605 tribueretur,

446 3624 549 3661 non
567 3620 846 3688 propterea
863 3613 1001 3663 idem
1019 3615 1237 3664 AEdituis
1254 3618 1502 3667 concede-

450 3695 613 3738 retur.

515 3764 601 3813 De
645 3755 910 3814 Druidibus
929 3764 1003 3813 ibi
1035 3774 1377 3816 commentum
1400 3784 1503 3818 me·

401 3900 405 3906 Ι
446 3852 578 3900 rum,
601 3840 687 3904 qui
710 3838 954 3902 prohibiti
999 3840 1050 3888 in
1090 3841 1203 3904 ipsa
1240 3843 1415 3893 Gallia
1436 3845 1502 3893 ab

445 3914 701 3978 Augusto,
739 3922 793 3963 et
836 3913 1019 3964 aboliti
1058 3932 1088 3965 a
1119 3918 1350 3968 Claudio.
1416 3922 1502 3969 De

444 3991 549 4040 ritu
575 3992 804 4038 Romano
844 3990 926 4039 liic
965 3992 1091 4042 Tac.
1113 4008 1217 4057 quo
1238 3997 1407 4045 nullus
1431 3996 1503 4046 lo-

445 4080 535 4116 cus
557 4061 857 4115 Druidibus.

510 4141 670 4191 &cris
692 4141 980 4206 ommibus]
1010 4145 1125 4192 Vox
1149 4146 1341 4196 reicula
1369 4149 1500 4199 unde

435 4217 733 4284 irrepserit,
770 4217 953 4268 merito
998 4233 1190 4285 quaero‚
1231 4236 1334 4271 uon
1362 4225 1502 4274 euim

1567 1077 1576 1082 -
1602 1043 1817 1094 fortuita
1840 1050 1936 1105 est,
1960 1059 2057 1094 nec
2080 1058 2110 1092 a
2140 1042 2352 1092 librario
2375 1048 2571 1093 temere
2590 1040 2663 1091 in-

1604 1122 1822 1170 culcata.
1891 1121 2029 1170 Galli
2054 1135 2174 1169 saue
2200 1120 2322 1168 olim
2347 1120 2420 1166 usi
2443 1132 2658 1181 carpen-

1604 1198 1690 1256 tis,
1708 1199 1833 1257 scie,
1855 1198 1943 1246 sed
1970 1211 2152 1260 pugnae
2187 1211 2360 1257 causa,
2383 1210 2482 1244 non
2505 1196 2659 1244 hono·

1606 1273 1672 1321 ris
1693 1290 1706 1321 :
1741 1288 1836 1321 nec
1857 1272 2079 1321 Druides
2101 1273 2212 1334 soli,
2229 1272 2318 1319 sed
2343 1272 2539 1333 vulguS.

1670 1348 1930 1411 Suspicari
1953 1348 2104 1395 liceat
2124 1346 2364 1412 (proinde
2405 1354 2463 1394 ut
2502 1344 2659 1394 fracti

1601 1426 1652 1474 hi
1678 1426 1799 1474 libri
1822 1424 1965 1482 sunt)
2003 1424 2250 1489 scriptum
2274 1423 2354 1471 hic
2379 1421 2567 1485 aliquid
2588 1420 2656 1469 de

1601 1500 1888 1549 Druidibus
1904 1496 2082 1559 fuisse,
2116 1512 2331 1561 quorum
2357 1496 2656 1559 religionem

1600 1588 1906 1638 nomenque,
1941 1581 2184 1637 quiantum
2208 1573 2258 1620 in
2282 1584 2337 1620 se
2359 1570 2476 1631 fuit,
2510 1570 2659 1619 Clau-

1602 1650 1717 1698 dius
1748 1649 1973 1698 sustulit.
2037 1650 2233 1697 Seneca
2265 1648 2316 1695 iu
2355 1647 2657 1709 Menippaea

1601 1724 1904 1783 Claudiana,
1922 1732 1976 1772 et
1992 1723 2237 1772 Suetonio
2259 1728 2411 1771 teste.

1665 1800 1781 1849 Etsi
1801 1799 1973 1848 Plinio
1995 1799 2060 1847 ad
2081 1799 2338 1848 Tiberium
2362 1797 2414 1846 id
2458 1795 2656 1845 referre

1602 1877 1778 1926 visum.
1805 1878 1838 1924 l.
1864 1888 2004 1924 xxx.
2040 1876 2055 1903 ‘
2075 1874 2264 1924 Tiberii
2291 1873 2539 1933 Caesaries
2580 1873 2656 1920 in-

1598 1953 1729 2017 quit,
1773 1951 2128 2013 ‘principatus
2176 1951 2387 2000 sustulit
2430 1948 2657 1997 Druidas

1598 2029 1887 2087 Gallorum,
1923 2035 1978 2075 et
1998 2028 2094 2075 boc
2117 2041 2276 2089 genus
2300 2034 2475 2074 vatum
2493 2025 2654 2073 medi·-

1597 2101 1916 2165 corumque!
1981 2102 2081 2150 Sed
2126 2102 2394 2150 Tiberium
2430 2100 2654 2161 scilicet,

1595 2178 1648 2226 lu
1683 2177 1812 2226 urbe
1849 2184 2044 2226 tautum
2067 2176 2351 2238 sustulisse,
2384 2175 2652 2225 Claudium

1595 2255 1649 2304 iu
1672 2255 1847 2305 Gallia
1865 2256 1992 2318 ipsa.
2032 2254 2239 2317 Lipsius
2716 2254 2721 2260 ’

1665 2333 1762 2388 Qui
1783 2348 1880 2381 mos
1898 2331 2236 2394 sacerdotibus]
2287 2330 2459 2392 Magis
2480 2330 2652 2392 place-

1595 2414 1697 2469 ret,
1715 2410 1798 2472 qui
1824 2409 1985 2469 honos,
2005 2411 2086 2470 ᾃτ.
2149 2407 2282 2455 Nam
2313 2406 2366 2453 id
2389 2412 2471 2454 est
2496 2405 2650 2453 usita-

1595 2485 1713 2534 tius.
1754 2486 1969 2534 Ursinus.
2034 2485 2199 2532 Recte
2215 2489 2419 2537 mouet
2442 2481 2529 2528 ille
2551 2495 2653 2529 moe

1595 2559 1649 2606 iu
1666 2559 1907 2607 honorem
1929 2556 2254 2606 sacerdotum
2273 2555 2583 2603 obtinuerat.

1660 2634 1730 2682 Et
1769 2632 1939 2695 saevis]
2020 2631 2292 2692 Proecipue
2340 2628 2649 2692 imaginibus

1592 2711 1844 2770 Deorum,
1873 2710 2215 2769 Divorumque
2235 2704 2543 2767 principum

1656 2794 1682 2827 ⁹
1714 2785 2002 2848 Imperatore
2017 2782 2251 2846 genitam]
2306 2783 2516 2831 Caesare
2539 2788 2650 2831 tau-

1592 2869 1719 2923 tum,
1765 2862 1991 2910 noudum
2040 2868 2213 2909 tamen
2249 2859 2483 2922 principe
2516 2859 2650 2908 Ger*-

1591 2938 1808 2998 manico,
1824 2937 2001 2999 genita
2017 2935 2321 2999 Agrippina.
2388 2934 2511 2983 Fuit
2532 2936 2644 2984 Cae·

1589 3027 1673 3061 sar
1727 3012 2065 3062 Germanicus
2115 3011 2235 3073 quia
2293 3009 2568 3071 adoptatus
2612 3024 2649 3058 a

1588 3088 1816 3148 Tiberio,
1861 3088 2013 3150 jussu
2048 3086 2286 3148 Augusti,
2319 3099 2422 3133 uon
2466 3092 2641 3134 tamen

1588 3163 1878 3225 Imperator
1900 3175 2042 3211 more
2061 3176 2210 3223 novo,
2236 3168 2293 3208 ut
2309 3175 2492 3210 nomen
2515 3160 2645 3209 illud

1587 3244 1888 3300 usurpatum
1909 3236 2010 3284 fuit
2030 3236 2129 3284 sub
2167 3234 2507 3297 principibus,
2530 3235 2646 3284 uisi

1587 3313 1725 3363 forte
1766 3313 1897 3361 dicit
1931 3312 2072 3360 illam
2110 3309 2267 3358 filiam
2290 3309 2645 3371 Imperatoris,

1590 3390 1710 3452 quia
1780 3402 1877 3451 per
1937 3387 2267 3448 adoptionem
2342 3385 2639 3435 Germanici

1588 3464 1686 3513 fuit
1706 3464 1878 3527 neptis
1917 3462 2145 3532 Tiberii,
2172 3467 2230 3510 et
2267 3460 2506 3522 abneptis
2535 3461 2644 3516 Aa·

1585 3540 1739 3603 gusti.

1648 3615 1829 3665 Potuit
1869 3615 1992 3663 Tac.
2047 3625 2234 3661 vocare
2279 3611 2643 3662 Germanicum

1581 3693 1787 3740 nomine
1806 3690 2164 3753 Imperatoris,
2207 3689 2344 3751 quod
2361 3688 2642 3750 adoptione

1581 3767 1694 3817 fere
1716 3768 2001 3830 attingeret
2024 3764 2321 3828 Imperium,
2355 3763 2493 3827 quod
2515 3764 2644 3812 asti»

1583 3850 1667 3892 tus
1688 3852 1827 3893 esset
1859 3844 1909 3890 iu
1932 3841 2193 3902 miniani,
2227 3855 2341 3903 quae
2364 3840 2475 3888 sola
2497 3837 2642 3890 fasti-

1584 3913 1677 3983 gio‘,
1703 3919 1978 3984 principali
2016 3918 2277 3966 destinata
2311 3922 2455 3974 παις
2500 3915 2639 3979 quod

1579 3995 1856 4059 adoptatus
1878 3995 1989 4057 ipse
2014 3997 2149 4042 esset
2169 3992 2223 4040 iu
2244 3996 2440 4040 certam
2465 3990 2640 4053 proxi-

1580 4088 1816 4137 mamque
1848 4087 1989 4135 spem
2030 4070 2274 4133 Imperii3
2310 4071 2386 4118 ita
2422 4077 2480 4117 ut
2521 4068 2639 4132 ipse

1579 4148 1814 4197 Tiberius
1853 4146 2196 4195 valetudinem
2250 4144 2533 4206 simularet,
2570 4156 2638 4194 uc

1579 4238 1725 4289 spem
1763 4222 2059 4274 Germanici
2110 4219 2323 4272 differre
2354 4220 2636 4269 videi-etue.
