3100 4925
405 395 680 471 'fia-m]
1092 389 1504 455 sumnum
1552 403 1698 455 mn.
1744 406 1921 457 xm.
2430 375 2609 470 '1⁶89

405 557 540 610 usn
565 549 926 612 et'senecta
944 533 1215 611 Tiberio
1245 529 1571 631 abusque¹
1595 546 1864 611 domum
1887 543 2275 631 Principum
2302 542 2606 624 edoctus,

357 687 362 690 -
408 648 535 713 tali
562 648 1231 714 mend-acio'intendit.
1300 647 1482 712 Pons
1515 647 1814 712 Mulvius
1829 642 1888 684 ‘f
1911 648 1988 711 in-
2006 666 2089 711 eo
2117 652 2409 730 tempore
2439 649 2609 712 eele-

413 749 554 814 bris
579 751 915 814 nocturnis
942 750 1272 815 illecebris
1299 753 1477 813 erat:
1523 750 2012 832 ventitabatque
2049 749 2206 813 illuc
2239 749 2445 827 Nero,
2475 765 2610 831 quo

414 851 746 928 solutius‚³
779 847 1008 916 urbem
1027 858 1258 928 extra,
1298 853 1660 916 lasciviret.
1751 831 1987 933 Igituf,
2020 856 2040 885 ‘
2067 850 2451 934 regredienti
2491 869 2612 934 per

415 951 598 1016 viam
656 951 1079 1017 Flaminiam⁸
1134 954 1540 1037 compositas
1591 949 1921 1030 insidias,¹¹
1975 952 2247 1036 fatoque
2302 952 2611 1025 evitatas,

418 1054 728 1137 quoniam
761 1055 1029 1118 diverso
1063 1056 1288 1119 itinere
1317 1052 1793 1121 Sallustianosi
1821 1056 1890 1119 in
1935 1054 2162 1118 hortos
2209 1050 2613 1128 remeaverit,

413 1189 618 1251 'libertas
640 1203 859 1262 Caesaris,
879 1204 959 1267 qui
993 1205 1305 1268 experientia,
1327 1210 1373 1254 et
1412 1207 1552 1268 longa
1585 1211 1726 1254 oetale
1746 1221 1777 1254 a
1803 1203 1988 1252 Tiberio

2020 1218 2176 1266 usqne,
2198 1217 2384 1252 arcana
2405 1207 2460 1251 et
2480 1201 2615 1263 inge-

417 1266 551 1315 nium
587 1268 869 1328 regnati-icis
894 1270 1056 1318 domus
1088 1271 1365 1331 edidicerat,
1384 1271 1523 1319 auxit
1549 1267 1814 1331 ltaJasmodi
1834 1274 2105 1317 commento.
2174 1268 2302 1315 Pons
2326 1266 2527 1315 Milvius
2557 1279 2619 1314 ω

419 1334 694 1392 tenpestate
709 1334 867 1382 clam
885 1348 941 1381 ac
965 1333 1180 1393 faniosns
1200 1339 1304 1383 erat
1341 1335 1579 1383 nocturnis
1617 1332 1936 1383 delinimentis
1953 1351 1970 1381 .·
2002 1330 2282 1395 ititabalqne
2318 1332 2427 1379 illue
2465 1330 2616 1398 Nero,

451 1397 508 1442 uo'
540 1389 733 1444 liberius
770 1401 906 1445 extra
936 1397 1178 1446 civitatem
1208 1399 1483 1461 petulantiae
1504 1413 1562 1446 ac
1598 1396 1878 1461 procacitati
1923 1397 2201 1457 indulgeret.
2275 1395 2440 1457 Itaque
2457 1391 2615 1458 fingit

444 1457 659 1518 ibertus,
683 1460 966 1509 revertenti
990 1461 1171 1510 Neroni
1194 1462 1276 1511 via
1298 1463 1566 1521 Flaminia,
1587 1468 1910 1524 comparatas
1936 1475 2033 1509 esse
2057 1460 2265 1508 insidias
2301 1474 2361 1507 ac
2401 1456 2617 1506 fortuito

422 1534 555 1571 casu>
587 1523 890 1588 declinatas,
922 1521 1059 1589 quo‘d
1089 1525 1190 1575 alia
1211 1526 1295 1574 via
1325 1526 1536 1574 redierit
1576 1527 1628 1575 in
1665 1526 1845 1574 hortos
1866 1523 2225 1585 Sallustianos,
2263 1515 2615 1586 artificemque

1344 1605 1667 1642 OONO‘OOJOO
1673 1623 1701 1640 O

412 1665 815 1751 ἰΑπικνεο

1013 1703 1215 1753 domum.
1280 1703 1369 1752 Sic
1426 1702 1745 1752 Puteolanus
1799 1707 1855 1752 et
1893 1701 2010 1752 libri
2032 1715 2208 1750 omnes
2253 1707 2438 1764 postea
2469 1699 2617 1750 editi.

424 1764 492 1813 In
517 1765 657 1814 -Mss.
689 1766 863 1817 Vatie.
887 1767 929 1815 F
933 1769 1024 1816 lor.
1050 1766 1227 1817 Guelf.
1253 1766 1381 1831 Agr.
1420 1767 1579 1816 Corb.
1617 1767 1779 1817 editio
1825 1766 2082 1842 princeps?
2129 1765 2316 1814 Tiberio
2361 1781 2448 1813 avo
2478 1779 2621 1826 usqne

411 1830 487 1877 ad
528 1831 733 1880 domnam

803 1831 937 1880 Vere
979 1831 1203 1894 conjecit
1246 1832 1446 1895 Lipsius
1487 1831 1779 1892 legendum,
1824 1830 2009 1880 fl'ibario
2050 1829 2251 1892 abasque
2291 1831 2494 1888 domam,
2518 1832 2618 1878 &c-

424 1893 739 1943 Brotier.-2
772 1895 1044 1944 Brotierus
1066 1910 1183 1945 cum
1210 1895 1437 1944 Homero
1459 1894 1626 1943 edidit
1643 1896 1860 1944 Milvius.
1916 1894 2002 1943 Ita
2022 1894 2152 1943 Mss.
2167 1894 2319 1943 Harl.
2340 1892 2618 1942 Bodldes.

426 1962 484 2004 et
503 1956 624 2006 libri
640 1972 815 2006 omnes
837 1958 964 2007 editi
986 1968 1107 2008 ante
1129 1960 1422 2016 Ernestum‚
1448 1960 1536 2022 qui
1568 1959 1734 2007 edidit
1755 1959 1984 2019 Mulvius,
2007 1965 2066 2006 ut
2099 1964 2155 2005 et
2178 1959 2259 2007 Cl.
2285 1955 2581 2005 Lallemand
2603 1972 2619 2015 ς

426 2018 558 2069 salso
594 2022 799 2071 laudata
832 2024 932 2071 Ms.
956 2022 1125 2072 Oxou.
1149 2023 1478 2073 auctoritate.
1513 2024 1727 2072 Brotier.
1794 2023 2009 2072 Mulvius
2047 2036 2171 2070 vera
2204 2021 2485 2083 scriptura,
2516 2033 2620 2068 non

429 2084 650 2133 Milvius.
699 2087 765 2136 V.
785 2087 928 2135 Cort.
946 2086 1009 2135 ad
1049 2087 1172 2138 Sall.
1215 2087 1333 2136 Cat.
1352 2092 1434 2135 45.
1476 2095 1532 2136 et
1576 2102 1703 2152 quos
1743 2088 1814 2137 ibi
1858 2087 2057 2135 laudat.
2115 2087 2403 2134 Ernest.—3
2444 2083 2621 2133 Editio

431 2148 700 2213 princeps,
714 2151 905 2199 solatus.
974 2152 1043 2200 Et
1083 2152 1237 2215 paulo
1277 2159 1418 2216 ante,
1441 2152 1661 2202 ventam
1704 2166 1801 2217 pro
1839 2150 2126 2200 ventitabat.
2189 2149 2413 2199 Brotier.

1421 2267 1640 2318 NOTAE

417 2393 427 2402 ι
497 2359 516 2392 ‘
545 2361 673 2410 Pons
689 2361 918 2425 Mulvium]
942 2364 1045 2416 Qui
1061 2369 1289 2414 structus
1312 2364 1436 2414 olim
1458 2380 1490 2412 a
1567 2364 1734 2425 tinet3
1766 2361 1912 2413 ducit
1934 2363 1997 2412 ad
2021 2368 2229 2426 pontem
2256 2362 2420 2422 Molle,
2440 2359 2625 2408 deinde

415 2438 513 2488 M.
532 2437 738 2488 AEmilio
758 2439 973 2503 Scauro,
997 2446 1133 2491 teste
1156 2441 1294 2490 Plin.
1316 2441 1380 2490 de
1405 2440 1491 2490 Vi·

433 2514 505 2563 ris
527 2514 699 2563 Illust.
720 2519 802 2564 ⁷2.
826 2516 842 2544 ὅ
869 2516 1066 2566 Censor
1082 2517 1334 2566 AEmiliam
1360 2525 1492 2568 stra-.

415 2592 527 2653 ‘vit‚
546 2596 756 2654 pontem
778 2592 1028 2641 Mulvium
1053 2591 1209 2642 fecit!
1274 2593 1361 2641 Sic
1398 2593 1493 2641 eti<

436 2681 519 2715 am
551 2666 851 2717 Ammianus
896 2668 1188 2729 Marcellin.
1228 2668 1244 2696 ‘
1267 2668 1492 2718 Secessit

437 2741 501 2791 ad
530 2743 783 2792 Mulvium
808 2752 1036 2808 pontem,
1074 2758 1224 2809 quem
1247 2743 1494 2794 struxisse

436 2821 672 2884 superior
693 2820 885 2870 dicitur
906 2821 1160 2871 Scaurus!

502 2898 735 2961 Mulvius]
770 2898 1072 2948 Latinorum
1096 2901 1401 2964 populorum
1428 2890 1494 2948 ad

434 2971 667 3021 Tiberim
689 2971 919 3034 fluvium,
951 2974 1013 3021 in
1038 2974 1187 3023 Latio
1212 2973 1493 3038 provincia.

495 3046 677 3097 'nodie
706 3049 858 3096 Ponte
890 3049 1055 3111 Molle,
1082 3049 1146 3096 ad
1171 3047 1380 3098 fluvium
1408 3050 1497 3098 Te-

421 3138 546 3174 ·eere
567 3123 623 3172 in
642 3125 924 3188 Campania
962 3126 1211 3187 Romana,
1250 3132 1306 3175 et
1341 3125 1499 3188 patri-

440 3200 611 3251 monio
634 3203 799 3252 sancti
824 3202 996 3262 Petri,
1021 3202 1298 3266 provinciis
1331 3208 1496 3252 status

423 3278 811 3328 'Ecclesiastici
852 3278 1174 3329 mumoniae.

508 3361 533 3396 ⁸
572 3354 712 3403 Viam
744 3352 1055 3416 Flaminiam]
1129 3354 1379 3403 Flaminia
1417 3354 1502 3402 via

442 3426 545 3478 fnit
582 3429 636 3477 in
659 3430 810 3479 Nona
846 3429 1053 3493 regione
1091 3429 1317 3495 antiquae
1358 3429 1500 3478 urbis

445 3506 658 3554 Romae:
693 3505 976 3569 incipiebat
1007 3505 1070 3554 ad
1094 3504 1248 3554 finem
1268 3505 1391 3569 Viae,
1407 3506 1503 3553 La·

445 3588 534 3642 tae,
574 3580 796 3630 ducebat
829 3581 895 3630 ad
935 3584 1139 3645 portam
1182 3580 1502 3641 Flaminiam,

445 3657 635 3707 deinde
657 3657 723 3704 a'd
746 3663 955 3720 pontem
975 3657 1227 3706 AEmilium
1254 3671 1415 3722 usqne
1438 3657 1504 3705 ad

446 3732 735 3782 Ariminum
756 3735 952 3782 urbem.

429 3823 436 3828 ·
514 3808 688 3859 Hodie
713 3822 833 3872 pars
856 3815 938 3856 est
958 3808 1124 3871 major
1136 3808 1252 3869 viae,
1272 3824 1304 3856 a
1323 3809 1506 3857 Roma-

448 3886 529 3936 nis
555 3885 707 3949 vulgo
730 3884 908 3943 dictae,
926 3884 1104 3932 Str-ada
1135 3886 1210 3932 del
1236 3886 1419 3941 Corsa,-
1450 3890 1505 3933 et

427 3987 434 3993 ·
451 3977 481 4011 a
503 3960 683 4024 platea
698 3965 1010 4021 nuncupata,
1029 3960 1205 4008 Piazza
1219 3959 1271 4007 di
1294 3959 1507 4022 Sciarra,

427 4049 611 4099 'usque
634 4028 701 4083 ad
741 4040 943 4097 portam
962 4034 1040 4082 del
1061 4034 1252 4098 Populo,
1270 4034 1321 4082 in
1357 4041 1505 4098 parte

453 4110 622 4160 media
664 4118 719 4160 et
765 4109 1162 4173 septentrionali
1184 4109 1368 4160 Rumae
1400 4125 1507 4160 mo-

430 4187 646 4237 uernae.

433 4290 439 4299 ·
519 4263 681 4313 Extra
702 4260 897 4323 urbem,
933 4275 1118 4311 nomen
1143 4261 1409 4328 antiquum
1431 4262 1509 4312 r‘e·

1571 2441 1637 2490 ad
1660 2440 2036 2489 Patrimonium
2056 2439 2224 2489 sancti
2245 2437 2417 2500 Petri,
2439 2440 2538 2487 διο.
2573 2437 2627 2485 in

1558 2522 1707 2588 ⁸statu
1732 2516 2116 2566 Ecclesiastico.
2184 2517 2262 2565 Ex
2285 2516 2446 2564 Roma
2467 2514 2628 2578 antiq.

1575 2591 1792 2641 Nardini
1833 2593 1868 2641 l.
1892 2606 1969 2640 vr.
1993 2606 2040 2641 c.
2064 2596 2113 2641 9.
2138 2606 2187 2655 p.
2211 2595 2324 2643 361.
2359 2596 2414 2640 et
2456 2588 2632 2653 imagi·

1572 2668 1721 2717 nibus
1738 2669 1819 2715 vel
1841 2667 2003 2730 planis
2021 2669 2197 2735 Romae
2219 2667 2481 2717 hodiernae
2505 2682 2536 2715 a
2559 2667 2628 2715 G.

1574 2742 1642 2792 de
1664 2743 1814 2792 Rossi
1853 2750 1909 2792 et
1939 2743 1986 2792 1.
2011 2743 2172 2793 Falda
2194 2743 2368 2795 editis.
2419 2744 2632 2791 wiema-

1574 2835 1698 2869 nius.

1639 2893 1663 2926 ὓ
1700 2894 1992 2958 compositas
2028 2892 2250 2955 insidias]
2298 2880 2412 2940 *Vel
2468 2892 2633 2954 impu-

1578 2971 1880 3021 dentissimo
1917 2965 2188 3019 mendacio
2226 2969 2277 3018 id
2316 2964 2633 3031 fictum,'vel

1578 3055 1722 3096 certe
1746 3061 1905 3110 parvo
1945 3053 2035 3096 aut
2073 3045 2212 3111 nullo
2243 3043 2353 3094 fere
2383 3044 2636 3093 comitatu

1579 3129 1758 3185 septus
1780 3123 1942 3183 Nero,
1964 3121 2054 3186 qui
2082 3120 2273 3184 privati
2300 3119 2514 3169 hominis
2536 3133 2640 3168 ser·

1560 3212 1668 3247 ·vos
1692 3203 1966 3246 metueret.
2000 3195 2104 3244 Ubi
2126 3201 2196 3245 lot
2218 3196 2367 3245 millia
2385 3198 2639 3257 clavorum,

1563 3272 1668 3321 ·'ubi
1691 3272 1881 3347 ⁴caligae
1926 3271 2247 3337 praetoriani,
2286 3271 2374 3320 ubi
2417 3277 2495 3320 tot
2529 3271 2638 3333 gla-

1564 3348 1841 3397 ‘diatorest’

1646 3426 1813 3482 Multa
1837 3424 2041 3489 agmina
2063 3438 2329 3493 servornm
2351 3423 2559 3490 alebant
2585 3424 2640 3471 hi

1583 3516 1827 3566 proceres
1852 3503 2088 3563 Romani,
2128 3501 2251 3550 licet
2290 3500 2514 3565 privati3
2548 3499 2641 3549 sed

1581 3579 1801 3627 inermes
1819 3584 2007 3641 tamen,
2028 3582 2083 3626 et
2102 3574 2214 3626 fere
2236 3575 2487 3625 imbelles.

1645 3652 1749 3702 Sed
1789 3653 1918 3701 mire
1941 3649 2261 3714 congruebat
2296 3649 2514 3698 libertus
2548 3649 2642 3698 tali

1586 3729 1791 3778 domino
1814 3746 1827 3776 ε
1862 3728 1949 3776 ille
1972 3727 2273 3790 conjectans
2297 3726 2365 3774 de
2394 3724 2514 3774 odio
2534 3725 2644 3775 Ne-

1566 3804 1733 3853 ·ronis·
1765 3803 1816 3850 in
1854 3802 2070 3866 Syllam,
2094 3815 2155 3849 eo
2191 3800 2460 3849 mendacio
2484 3795 2646 3849 Nerd·

1586 3894 1703 3928 nem
1734 3878 1831 3927 sibi
1852 3877 2146 3940 obstrinxit,
2162 3882 2216 3925 et
2242 3875 2436 3939 Syllam
2461 3890 2646 3938 percu-

1586 3957 1675 4005 lit:
1712 3955 1786 4003 sie
1809 3953 1945 4018 quod
1970 3942 2254 4016 cupiebant
2296 3950 2447 4001 ambo
2468 3951 2645 4014 adepti

1588 4038 1728 4094 sunt,
1761 4046 1941 4081 servus
1976 4045 2037 4080 ac
2077 4030 2328 4091 dominus,
2361 4028 2560 4077 scelere
2592 4034 2648 4077 et

1586 4107 1793 4171 ingenio
1816 4121 2000 4172 pares;
2034 4120 2152 4155 nam
2174 4106 2190 4134 ‘
2217 4117 2348 4169 quos
2372 4100 2543 4152 scelus
2571 4102 2647 4152 in-

1570 4185 1785 4251 ·quiuat,
1803 4181 2013 4248 aequat?

1653 4258 1669 4294 ¹
1702 4256 2032 4320 Sallustianos]
2081 4253 2315 4306 Sallustii
2357 4252 2512 4318 horti,
2556 4253 2647 4304 ali·
