3100 4925
541 377 714 448 151⁸ss

1241 395 1306 442 G.
1355 393 1726 442 CORNELII
1772 392 2033 440 'racl'rl

2414 397 2510 461 [A.
2530 397 2597 447 U.
2621 401 2745 450 81⁰.

1532 538 1746 595 No'rAE

543 659 672 707 liber
691 657 958 720 Perpetuo
979 660 1036 705 ut
1061 656 1220 706 siem!
1250 658 1459 721 Lipsius.

609 734 747 782 Duas
765 732 1124 780 maumittendi
1142 735 1316 796 species
1335 736 1606 801 institutos]

543 809 726 868 Tradit
745 809 985 870 Tacitus,
1007 824 1098 858 eos
1123 811 1209 874 qui
1248 812 1479 862 vindicta
1501 828 1611 862 ma-

546 884 758 933 numissi
787 885 911 944 sint,
934 901 999 933 ex
1032 886 1408 949 ingratitudine
1442 887 1494 936 in
1520 902 1611 949 pa-

547 966 725 1009 tronos
750 962 801 1009 iu
836 961 1141 1009 servitutem
1164 962 1429 1010 revocari:
1474 962 1612 1026 quod

548 1053 615 1087 ex
648 1038 973 1087 Constantini
1020 1039 1195 1101 Magni
1239 1039 1611 1087 constitutione

544 1112 732 1162 falsum
750 1111 858 1161 fere
884 1112 1232 1174 convincitur,
1253 1113 1313 1162 L.
1360 1114 1414 1162 Si
1435 1127 1610 1162 manu-

547 1188 751 1249 missus,
772 1188 832 1237 C.
857 1188 923 1236 de
961 1187 1049 1238 lib.
1075 1195 1131 1236 et
1168 1202 1346 1237 eorum
1380 1188 1473 1238 lib.
1527 1190 1613 1238 Al-

547 1259 719 1313 cintus.

615 1338 799 1388 Cicero
834 1340 887 1387 in
908 1339 1121 1402 Topicis
1148 1346 1257 1389 tres
1291 1339 1491 1403 species
1531 1354 1612 1389 re-

550 1411 670 1475 fert,
689 1427 846 1473 censu,
877 1413 1109 1475 vindicta,
1146 1418 1441 1464 testamento.
1509 1414 1612 1463 Sed

547 1502 622 1537 ex
652 1487 894 1537 Cornelio
931 1487 1073 1548 duae;
1110 1503 1225 1550 una,
1261 1505 1364 1552 qua
1402 1490 1614 1539 liberta-

552 1574 658 1614 tem
687 1565 892 1628 plenam
928 1566 1390 1629 consequebantur,
1427 1582 1543 1631 quae
1584 1582 1617 1615 a

551 1640 751 1689 Seneca
784 1640 919 1689 libro
939 1640 1005 1688 de
1039 1641 1167 1691 Vita
1200 1641 1368 1704 beata,
1391 1642 1529 1700 justa
1560 1643 1617 1691 la·-

550 1715 705 1764 bertas
725 1715 952 1775 dicitur;
987 1715 1170 1780 altera,
1194 1731 1297 1780 qua
1334 1731 1436 1766 non
1458 1717 1617 1765 omni·

552 1804 620 1841 no
637 1789 832 1840 fiebant
855 1791 1019 1842 liberi.

619 1866 791 1916 Priori
834 1868 1025 1930 specie,
1085 1869 1182 1917 hoc
1227 1875 1326 1930 est,
1366 1868 1619 1930 vindicta,

553 1944 891 1992 manumissos
935 1953 1193 2007 perpetuo
1235 1958 1349 1992 esse
1389 1944 1614 1993 liberos:

553 2019 789 2082 sequenti
814 2033 934 2067 vero
969 2020 1264 2067 manumissi
1298 2026 1542 2081 poterant
1563 2020 1617 2068 iu

553 2092 853 2142 servitutem
872 2094 1121 2155 revocari,
1131 2100 1370 2156 tanquam
1390 2094 1478 2157 qui
1497 2100 1619 2156 post

551 2166 847 2217 libertatem
872 2168 1092 2231 vestigia
1126 2169 1416 2218 retinerent
1457 2170 1618 2218 servi-

555 2243 704 2293 tutis.
757 2244 887 2294 Quae
912 2242 1150 2307 profecto
1168 2244 1322 2293 aliter
1341 2245 1619 2294 traduntur

554 2319 608 2374 in
629 2319 822 2369 nostris
847 2320 989 2369 libris
1007 2320 1261 2371 civilibus.

620 2395 784 2444 Erant
823 2396 960 2444 enim
1001 2395 1192 2457 Latini,
1216 2402 1306 2444 aut
1344 2395 1484 2445 cives
1514 2397 1619 2445 Ro-

557 2471 714 2530 mani,
752 2477 843 2519 aut
888 2472 1149 2532 dedititii3
1192 2473 1257 2522 de
1287 2473 1470 2536 quibus
1508 2475 1618 2523 late

558 2545 716 2596 Caius
743 2546 796 2595 in
824 2547 1234 2596 institutionibus
1256 2563 1269 2596 ε
1308 2560 1426 2611 qm
1450 2550 1620 2597 omnia

557 2621 877 2684 temporibus
920 2623 971 2670 in
1027 2621 1418 2672 desuetudinem
1475 2624 1620 2674 abie-

558 2701 699 2745 runt.
771 2697 1033 2747 Fet-retius.

622 2771 872 2822 Vindicta
898 2772 1001 2822 fuit
1041 2774 1289 2825 Praetoris
1305 2774 1483 2838 mirga,
1516 2789 1620 2839 qua

558 2856 719 2914 caput
739 2850 878 2899 servi
901 2857 980 2901 ter
1003 2851 1350 2914 percutiebat,
1367 2852 1479 2900 baec
1503 2851 1620 2915 pro-

558 2924 753 2986 ferens,
780 2925 978 2974 liberum
1000 2931 1049 2974 te
1071 2941 1169 2974 esse
1189 2927 1282 2976 uio.
1350 2928 1621 2976 solebant-

558 3015 661 3064 que
682 3000 1078 3065 circumagi,qui
1103 3002 1622 3053 manumittebantur.

560 3075 799 3124 Persius:
835 3077 851 3103 ‘
876 3076 1124 3125 Vindicta
1163 3083 1436 3141 postquam
1474 3093 1620 3128 meus

559 3166 590 3200 a
625 3158 870 3214 pretore.
894 3151 1103 3214 recessi,
1135 3153 1241 3202 Cur
1271 3154 1393 3202 mibi
1419 3146 1527 3202 'tion
1562 3155 1623 3202 li-

559 3234 680 3278 ceat
696 3229 854 3292 jussit
877 3232 1238 3296 quodcumque
1261 3233 1499 3282 voluntas
1515 3233 1550 3281 θ’

567 3336 574 3341 -
621 3304 758 3354 Sunt
776 3307 861 3369 qui
885 3306 1083 3368 dicant,
1118 3322 1234 3357 eum
1265 3308 1357 3372 qui
1389 3309 1623 3359 vindicta

559 3384 1030 3446 manumittebatur,
1051 3384 1294 3449 imposita
1320 3387 1433 3450 ejus
1458 3389 1622 3450 capiti

558 3472 712 3510 manu
728 3475 760 3509 a
783 3460 990 3511 domiuo
1010 3463 1146 3511 verti
1163 3464 1388 3513 solitum.
1423 3465 1623 3515 Seneca

560 3537 626 3585 ad
662 3536 952 3587 Lucilium:
991 3539 1007 3566 ‘
1032 3538 1382 3604 Philosophiae
1425 3544 1620 3591 servias

560 3618 786 3674 oportet,
816 3620 875 3662 ut
897 3613 991 3661 tibi
1026 3615 1295 3678 contingat
1323 3631 1443 3665 vera
1470 3617 1622 3667 liber·

562 3694 661 3737 tas.
730 3687 1128 3737 Non-differtui·
1168 3691 1219 3738 in
1260 3691 1415 3752 diem,
1455 3694 1623 3755 quise

559 3765 635 3815 illi
659 3765 903 3828 subjecit,
925 3767 1097 3815 statim
1122 3768 1522 3830 circumagit!

567 3874 574 3885 ‚
624 3840 732 3891 Alii
752 3841 948 3896 volunt,
967 3842 1199 3890 vindicta
1224 3843 1325 3891 dici
1349 3846 1622 3893 manumis-

560 3930 662 3980 sos,
703 3917 771 3966 ob
811 3916 1105 3966 Vindicium
1144 3931 1369 3978 servum,
1416 3920 1504 3982 qui
1552 3921 1623 3969 ob

561 3991 879 4058 patefactam
903 3992 1106 4041 indiciis
1129 3994 1231 4042 suis
1256 3995 1480 4056 Reipub.
1504 4011 1621 4057 pro-

561 4072 827 4133 ditionem,
848 4072 946 4120 boc
965 4086 1153 4133 genere
1175 4073 1434 4123 libertatis
1462 4074 1620 4125 dona·

562 4156 646 4198 tus
681 4156 782 4211 est,
820 4156 880 4198 ut
914 4162 1032 4197 cum
1076 4149 1316 4199 libertate
1353 4150 1621 4202 civitatem

550 4223 815 4279 labuerit.
841 4248 848 4257 ·
879 4224 1120 4290 [Λαμιαν.

1746 659 1827 706 Ex
1861 656 2086 707 fontibus
2112 643 2541 720 jurisprudentiae
2572 654 2750 714 fluunt

1681 733 1812 795 baec,
1833 734 1898 782 de
1925 733 2107 797 quibus
2139 739 2378 781 auctores
2415 732 2622 781 diversa
2645 747 2746 795 pro

1682 807 2002 871 temporibus
2027 806 2384 870 prodiderunt.
2443 808 2520 856 M.
2541 808 2750 856 Tullius

1682 884 1749 932 ad
1771 884 2075 932 Trebatium
2113 883 2517 931 manumissionis
2542 882 2748 945 species

1683 959 1955 1007 constituit
1993 965 2120 1020 tres,
2151 972 2307 1017 censu,
2342 958 2571 1019 vindicta,
2602 963 2753 1005 testa·

1683 1038 1864 1081 mento.-
1912 1047 2028 1095 quae
2073 1032 2385 1095 primoribus
2426 1032 2527 1080 illis
2571 1031 2749 1095 place—

1683 1106 1830 1169 bant,
1849 1107 1936 1171 qni
1957 1105 2245 1156 fundavere
2257 1108 2345 1171 jus
2368 1108 2538 1156 civile.

1746 1181 1851 1230 Sed
1891 1195 2008 1231 cum
2054 1195 2238 1231 census
2284 1196 2386 1231 non
2429 1181 2529 1231 nisi
2570 1181 2751 1231 lustris

1685 1263 1948 1319 ageretur,
1966 1257 2298 1321 magistratus
2322 1256 2475 1320 copia
2495 1271 2598 1308 non
2618 1271 2753 1306 sem-

1685 1346 1780 1396 per
1802 1339 1959 1396 esset,
1992 1339 2407 1396 testamentoque
2433 1333 2559 1383 data
2594 1333 2751 1382 liber-

1687 1413 1766 1456 tas
1787 1408 1841 1456 in
1860 1414 2061 1472 tempus
2082 1408 2263 1458 mortis
2295 1405 2610 1470 differretur,
2628 1409 2753 1457 alias

1687 1484 2091 1533 manumissionis
2123 1484 2323 1547 species
2358 1499 2424 1532 ex
2462 1484 2597 1533 nuda
2617 1484 2753 1550 sola-

1688 1575 1788 1625 que
1827 1560 2148 1610 dominorum
2189 1562 2459 1611 voluntate
2502 1562 2555 1610 iu
2602 1576 2752 1628 nsum

1689 1636 1930 1685 deductae
1970 1642 2122 1696 sunt;
2156 1637 2358 1701 quibus,
2393 1651 2457 1685 ne
2490 1636 2751 1685 libertatis

1689 1712 1870 1762 civiles
1910 1712 2050 1762 modi
2081 1712 2469 1769 desuescerent,
2495 1712 2647 1775 jusve
2672 1727 2755 1761 re-

1690 1797 1900 1854 ceptum
1939 1790 2254 1853 aboleretur,
2295 1791 2377 1841 lex
2425 1791 2571 1842 Julia
2612 1790 2756 1840 Nor·-

1689 1865 1824 1914 bana
1846 1867 2117 1917 succurrit.
2390 1876 2397 1884 ·

1754 1942 1839 1991 Ab
1877 1959 1943 1992 ea
1973 1943 2223 1994 distincta
2243 1950 2327 1992 est
2353 1950 2484 1993 aetas
2520 1942 2755 2007 legitima

1690 2027 1748 2069 et
1788 2019 2068 2071 dominium
2100 2021 2387 2085 legitimum
2431 2035 2461 2069 a
2493 2020 2752 2069 naturali:

1691 2101 1749 2143 ut
1773 2097 1953 2159 majori
1974 2096 2192 2160 triginta
2218 2097 2364 2145 annis
2386 2111 2562 2157 servo,
2583 2097 2633 2145 le
2672 2096 2755 2164 'ti-

1691 2187 1776 2221 ma
1813 2179 1954 2223 esset
2000 2181 2160 2223 aetas:
2227 2174 2431 2233 minori,
2473 2110 2722 2223 naturffie

1691 2248 2073 2313 dominiumque
2096 2249 2224 2312 ejus,
2246 2250 2335 2312 qui
2367 2263 2432 2297 ex
2465 2248 2589 2312 jure
2628 2250 2757 2300 Qui-

1692 2323 1866 2372 ritium
1905 2337 2110 2372 servum
2151 2324 2388 2385 baberet,
2431 2323 2750 2386 legitimum:

1691 2399 1801 2463 ejus
1841 2414 1983 2462 vero,
2021 2400 2110 2465 qui
2148 2399 2431 2449 duntaxat.
2456 2407 2516 2448 ut
2555 2414 2664 2449 rem
2700 2400 2755 2449 in

1691 2475 1840 2524 bonis
1875 2477 2186 2538 mancipium
2230 2475 2464 2538 haberet,
2518 2474 2755 2527 naturale

1693 2549 1973 2600 dominium
1996 2551 2280 2601 diceretur.
2710 2552 2717 2559 ’

1755 2627 1890 2676 Tum
1928 2628 2217 2677 introducti
2258 2629 2481 2692 primum
2524 2629 2662 2677 inter
2694 2629 2754 2677 li-

1694 2703 1921 2752 bertinos
1955 2704 2122 2753 Latini
2154 2706 2362 2753 Juniani
2399 2712 2454 2755 et
2498 2705 2756 2767 Deditt‘tr‘n’,

1692 2794 1808 2828 cum
1847 2786 2001 2828 autea
2037 2778 2150 2828 fere
2187 2781 2315 2829 cives
2345 2781 2550 2830 Romam
2571 2780 2758 2830 fierent

1693 2870 1868 2906 omnes
1890 2858 1977 2921 qui
1999 2859 2507 2909 manumitterentur.
2634 2856 2641 2862 ’

1758 2932 1947 2995 Itaque
1970 2934 2086 2982 duae
2122 2935 2533 2984 manumissionis
2557 2936 2758 2999 species

1695 3008 1957 3070 discretae,
1979 3010 2194 3071 legitima
2215 3018 2269 3059 et
2293 3013 2545 3062 naturalis.
2611 3013 2761 3075 Legi·

1693 3084 1813 3132 tima
1835 3085 2116 3135 intervenit
2133 3092 2222 3136 aut
2243 3102 2399 3151 censu,
2421 3094 2514 3137 aut
2532 3090 2759 3152 vindicta,

1696 3166 1787 3208 aut
1808 3166 2102 3210 testamento.
2496 3198 2503 3204 -

1764 3236 1935 3296 Censu,
1987 3250 2102 3285 cum
2155 3251 2357 3298 servus,
2421 3239 2514 3287 sed
2565 3238 2758 3287 domiui

1688 3312 1856 3375 jussu,
1877 3311 2096 3360 liberum
2118 3319 2278 3376 caput
2301 3314 2530 3376 scripsit,
2542 3319 2598 3362 et
2616 3313 2757 3377 apud

1697 3400 1940 3435 censores
1964 3386 2226 3449 professus
2248 3395 2346 3438 est.

1769 3464 2002 3523 Vindicta,
2025 3478 2143 3513 cum
2182 3479 2362 3513 servus
2398 3464 2538 3526 apud
2578 3463 2758 3526 magis·

1700 3543 1888 3587 tratum
1936 3552 2087 3587 manu
2124 3539 2337 3588 emissus
2364 3546 2492 3601 .est;
2569 3540 2679 3589 sive
2716 3539 2760 3588 is

1698 3615 1895 3676 consul,
1914 3615 2020 3663 sive
2059 3616 2424 3679 proetor„sive
2467 3616 2759 3679 proconsul,

1697 3691 1805 3739 sive
1837 3691 1948 3753 ejus
1983 3692 2204 3754 legatus,
2244 3692 2350 3740 sive
2393 3707 2606 3756 praeses,
2646 3693 2757 3742 sive

1697 3766 1900 3828 legatus
1922 3766 2138 3815 Caesaris
2157 3774 2315 3815 esset.

1766 3840 2075 3903 Testamenta,
2094 3854 2212 3890 cum
2252 3842 2485 3891 dominus
2520 3856 2763 3906 suprema

1697 3916 1939 3965 cautione
1977 3929 2176 3965 servum
2204 3922 2262 3966 'se
2298 3923 2503 3966 mortuo
2539 3918 2760 3968 liberum

1697 4005 1810 4040 esse
1823 3992 1998 4054 jussit.
2730 4054 2737 4059 η

1764 4069 2016 4118 Naturalis
2050 4069 2255 4133 species„
2278 4070 2761 4135 manumissionisjn·

1698 4145 1923 4194 tervenit
1949 4159 2036 4207 per
2065 4145 2441 4215 mamisten-
2475 4147 2667 4211 anam,
2702 4155 2760 4196 et

1690 4232 1782 4282 per
1801 4221 2057 4284 epistolam
