3100 4925
441 413 741 487 :51:³53ss
1127 416 1538 470 autumnis
1588 377 1732 468 mn.
1779 419 1957 470 xm.
2448 403 2645 477 1411

437 562 660 646 gentis
687 557 868 644 apud
915 556 1255 626 Neronem
1298 559 1664 636 orantibuS,
1694 557 2071 624 escendere³
2102 560 2478 643 suggestum
2505 559 2642 628 Im-

351 731 360 738 ,
447 664 795 746 peratoriS,
826 669 893 728 et
941 661 1297 746 praesidere
1347 662 1540 725 simul
1585 662 1900 746 parabat3
1944 660 2096 738 nisi,
2129 662 2363 727 ceteris
2395 647 2646 747 pavore

429 764 741 842 ‘defixiS‚⁸
786 763 1046 828 Seneca
1095 763 1572 840 admonuisset,
1617 766 1638 795 ‘
1661 763 1947 827 venienti
1992 764 2187 856 matri
2234 762 2644 830 occurreret?

431 865 581 943 Ita,
613 866 839 949 specie
868 863 1191 950 pietatiS,b
1220 866 1487 930 obviam
1515 865 1681 929 itum
1709 864 2041 929 dedecori.
2449 881 2459 892 ’

448 1014 454 1020 .
532 969 600 1032 6.
667 966 831 1032 Fine
889 967 1064 1044 anni,
1119 965 1395 1031 turbidis
1447 966 1845 1043 rumoribus,
1918 969 1939 998 ‘
1956 965 2336 1049 prorupisse
2387 987 2646 1035 rursum

432 1068 761 1133 ³Parthos⁰
810 1073 876 1132 et
923 1069 1072 1150 rapi
1105 1065 1540 1144 Armeniam}
1594 1065 1887 1131 allatum·
1921 1074 2049 1145 est,
2095 1069 2116 1100 ‘
2133 1068 2333 1150 pulso
2368 1067 2644 1133 Rhada-

441 1169 696 1247 misto,'
726 1170 843 1254 qui
894 1188 1079 1252 saepe
1131 1168 1349 1251 Regni
1394 1169 1538 1252 ejus
1582 1165 1897 1252 potitus,‘¹
1942 1170 2094 1234 dein
2122 1168 2464 1254 profugu3‚
2498 1177 2644 1234 tum

443 1357 522 1404 nal
548 1355 770 1416 Coesaris,
788 1361 834 1405 et
850 1371 1053 1420 praesse
1071 1370 1167 1405 una
1187 1370 1303 1406 cum
1326 1354 1434 1405 filio
1452 1354 1656 1418 parabat
1667 1369 1687 1412 ,·
1716 1355 1831 1418 nisi,
1869 1353 2081 1406 omnibus
2112 1354 2226 1405 aliis
2256 1360 2385 1405 metu
2405 1356 2645 1420 attonitis,

435 1418 624 1470 §Seneca
656 1421 878 1469 suasisset
913 1420 1133 1480 Neroni,
1168 1426 1230 1471 ut
1268 1420 1543 1469 accedenti
1566 1418 1871 1484 Agrippinae
1891 1419 2097 1469 obviam
2118 1420 2239 1470 iret.
2304 1421 2385 1469 Ita
2401 1425 2644 1483 pretextu

442 1484 662 1532 caritatis
668 1484 924 1548 flagitium
943 1484 1208 1546 devitatum
1226 1488 1314 1532 est.

509 1548 731 1596 Exeunte
752 1563 873 1598 anno
893 1546 1174 1597 turbulentis
1194 1546 1374 1596 nuntiis
1390 1546 1655 1609 percrebuit
1664 1547 1822 1607 fama,
1853 1547 2042 1598 iterum
2064 1547 2307 1611 irrupisse
2328 1547 2570 1612 Parthos,
2587 1554 2644 1598 et

437 1611 639 1659 -vastari
654 1610 971 1675 Armeniam,
987 1610 1267 1661 exturbato
1288 1610 1645 1675 Rhadamism,
1657 1612 1738 1674 qui
1756 1626 1878 1674 «τρο
1897 1611 2143 1674 imperium
2164 1612 2264 1672 <ius
2280 1613 2496 1675 adeptas,
2512 1617 2647 1676 post-

1369 1735 1725 1756 ”OOOOOOOON

439 1816 674 1867 etiamin
708 1823 856 1868 textu
889 1824 1099 1868 servant
1122 1817 1435 1879 Gronovius,
1468 1818 1719 1882 Ryckius,
1756 1817 2044 1880 Brotierus,
2065 1821 2121 1865 et
2147 1816 2523 1866 Homerum—»3
2556 1818 2644 1868 Ita

445 1882 652 1957 Lipsius
673 1897 702 1931 e
728 1884 829 1930 Ms.
849 1884 1061 1932 Farnes.
1111 1883 1197 1932 Sic
1216 1896 1418 1947 quoque
1437 1883 1633 1944 legitur
1655 1883 1708 1931 in
1731 1883 1833 1933 Ma.
1854 1882 1995 1931 Flor.
2019 1887 2074 1929 et
2095 1880 2148 1929 in
2176 1883 2280 1930 Ms.
2300 1881 2475 1930 Vatic.
2494 1885 2643 1932 1864.

441 1960 534 2009 qm
555 1946 678 1993 mihi
714 1945 850 1995 idem
883 1961 945 1996 ac
981 1947 1321 1995 Farnesianus
1345 1957 1461 1996 esse
1482 1947 1704 1996 videtur.
1769 1947 1835 1997 In
1868 1945 2058 1996 ceteris
2079 1945 2205 1995 Mss.
2233 1945 2406 1995 Vatic.
2428 1944 2644 2011 aliisque

444 2016 505 2058 et
524 2010 837 2060 editionibus
859 2010 1145 2074 veteribus,
1158 2012 1418 2060 ascendere.
1443 2010 1688 2060 Brotier.

1433 2108 1647 2159 NOTAE
1673 2119 1689 2132 ·

437 2201 575 2251 adire
613 2204 879 2266 templum,
921 2219 1018 2254 nec
1060 2211 1233 2255 tamen
1271 2204 1503 2269 conspici

441 2283 641 2340 posset,
659 2280 725 2327 ob
748 2280 919 2328 velum
943 2281 1322 2343 interpositum.
1586 2279 1744 2331 decus
1774 2281 1979 2344 imperii
2014 2280 2232 2329 Romani
2254 2292 2427 2327 coram
2449 2274 2647 2326 Barba-

508 2359 531 2394 !
568 2354 700 2410 Quin
723 2359 770 2402 et
793 2354 987 2418 legatis]
1052 2356 1139 2405 Sic
1182 2356 1282 2404 Dio
1316 2358 1353 2405 l.
1387 2369 1503 2405 ιιι.
1586 2356 1658 2405 ris
1675 2356 2020 2419 evulgaretur,
2039 2351 2328 2415 ἐμβαλόντες
2342 2350 2448 2401 τινὰ
2464 2349 2644 2402 ala-inv:

1586 2204 1749 2268 Nero,
1769 2203 1987 2267 Seneca,
2007 2209 2063 2253 et
2083 2202 2333 2265 Burrhus,
2361 2214 2426 2249 ne
2462 2200 2537 2249 sic
2558 2198 2649 2249 de·
2733 2268 2737 2273 ·

444 2427 511 2501 tie
567 2427 875 2493 impotentia
921 2429 1254 2496 Agrippina:
1310 2434 1327 2463 ⁶
1350 2432 1504 2498 Saepe

438 2504 626 2554 eadem
648 2500 835 2556 lectica
855 2506 1190 2568 vehebantur,
1212 2523 1503 2573 quanquam

439 2579 531 2628 illa
547 2594 731 2644 magna
747 2594 811 2629 ex
833 2588 981 2644 parte
1003 2581 1135 2644 vehi,
1151 2583 1235 2632 hic
1256 2584 1502 2648 consequi

437 2655 665 2715 solebat;
690 2656 782 2704 illa
804 2656 1147 2719 respondebat
1167 2658 1369 2722 legatis,
1390 2659 1501 2709 lite·

440 2743 629 2796 rasque
679 2731 742 2780 ad
785 2733 1004 2796 populos
1047 2738 1110 2782 et·
1140 2734 1400 2798 principes
1443 2741 1501 2785 et

442 2816 593 2870 reges
628 2807 881 2857 mittebat.
947 2809 1100 2862 Quod
1124 2825 1239 2859 cum
1264 2810 1355 2860 diu
1393 2809 1499 2860 fac-

441 2887 552 2930 tum
588 2888 741 2945 esset,
779 2882 919 2932 ferre
962 2885 1193 2947 graviter
1231 2891 1503 2948 coeperunt

437 2955 640 3006 Seneca
661 2962 715 3005 et
735 2958 989 3022 Burrum,
1007 2959 1104 3008 viri
1128 2959 1265 3008 iuter
1288 2974 1396 3022 eos,
1414 2960 1503 3024 qui

439 3029 577 3093 apud
617 3031 877 3080 Neronem
916 3039 1083 3094 erant,
1119 3038 1175 3082 et
1212 3033 1503 3097 prudentis-

441 3106 556 3155 simi
577 3113 631 3155 et
652 3107 886 3155 maximae
909 3107 1250 3158 auctoritatis.
1301 3109 1503 3159 Horum

436 3183 572 3232 alter
617 3182 937 3246 praetorianis
981 3182 1231 3231 militibus
1272 3183 1502 3248 praefuit,

437 3259 574 3308 alter
598 3262 889 3321 praeceptor
907 3263 1047 3307 erat:
1083 3258 1259 3322 itaque
1282 3274 1500 3309 commo-

442 3334 560 3383 dam
585 3334 908 3383 occasionem
933 3334 1086 3395 nacti,
1107 3334 1226 3383 huic
1249 3334 1326 3382 rei
1341 3333 1499 3384 'finem

438 3408 810 3472 imposuerunt.
878 3409 1007 3461 Cum
1041 3408 1177 3456 enim
1212 3409 1373 3472 legati
1404 3409 1498 3458 Ar-

439 3485 722 3535 meniorum
743 3484 1024 3546 venisseut,
1039 3484 1300 3548 velletque
1318 3485 1501 3548 Agrip-

438 3561 562 3624 pina
582 3560 637 3607 in
673 3559 917 3621 tribunal,
959 3574 1025 3608 ex
1061 3574 1163 3623 quo
1204 3560 1347 3609 Nero
1383 3575 1501 3609 cum

438 3636 512 3684 eis
534 3636 944 3699 colloquebatur,
962 3635 1264 3698 ascendere,
1285 3650 1501 3701 eamque

435 3709 516 3758 §ui
555 3710 969 3774 appropinquare
1011 3710 1271 3773 viderent,
1304 3710 1500 3761 adoles-

438 3783 608 3846 centi,
621 3789 680 3831 nt
702 3789 824 3832 ante
841 3783 1204 3848 descenderet,
1234 3794 1290 3834 et
1312 3785 1379 3834 ad
1400 3800 1504 3834 ma-

439 3865 571 3909 trem
587 3859 939 3922 excipiendam
954 3861 1264 3924 procederet
1281 3860 1501 3926 obviam,

437 3942 830 3998 persuaserunt.
893 3937 1009 3986 Quo
1047 3934 1208 3999 facto,
1246 3949 1348 3985 non
1379 3943 1501 3987 sunt

435 4011 655 4072 reversi,
676 4010 779 4058 alia
811 4010 1046 4061 simulata
1078 4026 1248 4071 causa,
1271 4025 1338 4061 ne
1372 4013 1503 4062 Bar-

435 4086 575 4137 baris
596 4087 729 4134 hauc
750 4085 921 4135 labem
940 4086 1374 4153 ignominiamque
1407 4087 1499 4137 im·

431 4161 572 4226 perii
594 4158 987 4225 patefacerent!

459 4264 466 4271 -
503 4235 693 4300 Neque
704 4234 968 4286 redierunt
979 4234 1044 4284 ad
1062 4235 1305 4304 tribunal,
1313 4242 1502 4304 nempe

1583 2446 1773 2496 nempe
1793 2432 1989 2481 Seneca
2025 2435 2080 2481 et
2117 2430 2367 2494 Burrhus,
2390 2428 2491 2479 alio
2513 2442 2647 2493 pra-

1583 2512 1733 2556 textu
1756 2512 1942 2566 sumto,
1962 2505 2273 2556 abscessere.

1647 2590 1668 2614 ²
1696 2580 2048 2645 Armeniorum]
2113 2580 2248 2630 Vide
2280 2585 2429 2631 notas
2459 2593 2534 2629 vr.
2557 2583 2644 2630 32.

1584 2669 1665 2707 ιι.
1681 2661 1729 2706 9.
1763 2657 2001 2707 Rumon.
2504 2698 2509 2705 .

1644 2739 1668 2765 ⁸
1699 2733 1885 2782 Pavore
1905 2732 2098 2797 defixis]
2161 2731 2364 2781 Partim
2390 2735 2534 2780 metu
2555 2728 2645 2780 fla-

1584 2807 1697 2872 gitii
1721 2807 1935 2870 publici,
1958 2807 2166 2871 partim,
2200 2821 2319 2855 cum
2354 2818 2453 2854 non
2487 2803 2646 2853 aude·

1584 2888 1699 2933 rent
1721 2883 2013 2932 absterrere
2050 2881 2311 2931 foeminam
2349 2878 2645 2952 dominandi

1584 2959 1786 3008 avidam
1808 2974 1840 3008 a
1861 2958 2147 3023 proposito,
2168 2957 2296 3008 licet
2331 2955 2387 3006 id
2418 2954 2646 3004 maxime

1584 3040 1854 3099 cuperent.

1647 3111 1724 3161 Ut
1745 3117 1890 3174 puto,
1913 3109 2168 3159 Burrlrum
2178 3107 2262 3158 hic
2282 3107 2547 3172 proecipue
2568 3106 2646 3156 in-

1585 3186 1791 3250 telligit,
1802 3187 1945 3250 quus
1963 3200 2107 3254 cura}
2119 3184 2242 3247 fuit,
2257 3184 2394 3234 bello
2410 3189 2646 3247 urgente,

1585 3262 1875 3323 advertere,
1899 3260 2022 3324 quid
2057 3267 2149 3309 aut
2183 3259 2437 3323 quomodo
2458 3259 2643 3322 legatis

1586 3337 1946 3385 Armeniorum
1971 3334 2309 3397 responderet
2322 3330 2533 3397 juvenis
2554 3334 2648 3381 im·
2716 3340 2719 3349 ·

1583 3418 1820 3475 perator:
1858 3410 1995 3474 quod
2029 3414 2178 3473 patet
2209 3407 2374 3458 infra:
2410 3411 2425 3437 ‘
2445 3410 2646 3458 Seneca

1581 3487 1831 3535 hactenus
1866 3484 2114 3549 promtior
2126 3483 2161 3535 ε’
2201 3490 2476 3534 cunctator
2508 3484 2646 3534 Bur-

1583 3561 1722 3610 rhns.
2612 3586 2620 3591 ·
2652 3562 2671 3574 ’

1646 3634 1671 3669 ¹>
1701 3635 1868 3699 §pecie
1899 3633 2121 3698 pietatis]
2184 3632 2371 3697 Specie
2393 3631 2645 3696 caritatis,

1583 3710 1756 3774 specie
1798 3710 2003 3759 honoris
2049 3709 2103 3758 in
2146 3714 2384 3767 matrem,
2423 3706 2643 3756 vitatum

1582 3784 1804 3835 dedecus
1825 3792 1882 3835 et
1902 3782 2156 3849 flagitium
2181 3782 2461 3846 publicum.

1600 3854 1609 3861 ’
1643 3868 1666 3895 ⁰
1697 3858 1931 3923 Parthos]
1995 3859 2130 3909 Vide
2155 3869 2301 3909 notas
2324 3871 2404 3907 xi.
2423 3862 2471 3907 8.
2500 3894 2507 3901 .

1643 3934 1668 3969 ⁴¹
1689 3936 1826 3999 δορα
1842 3936 2002 3999 Regni
2015 3937 2117 3997 ejus
2133 3934 2336 3999 potitus]
2358 3934 2447 3982 Bis
2464 3931 2646 3983 Arme·

1579 4010 1683 4060 niae
1702 4011 1899 4074 potitus
1917 4009 2304 4071 Rhadamistus3
2326 4010 2506 4073 primo,
2523 4023 2643 4058 cum

1582 4082 1823 4147 patruum
1856 4085 2214 4136 Mithridatem
2236 4100 2408 4148 regem
2429 4083 2643 4146 occidit,

1582 4160 1703 4210 dein
1737 4162 1963 4213 abeunte
1985 4164 2263 4228 Vologese.
2328 4163 2409 4211 Ex
2440 4175 2503 4209 ea
2536 4161 2643 4225 pri-

1581 4250 1720 4290 mum
1742 4237 1946 4302 ejectus
1975 4237 2382 4302 detur-batosque
2418 4233 2483 4285 ab
2513 4234 2636 4300 ipsis
