3100 4925
398 431 456 485 J„
479 432 541 483 C.
561 428 670 494 49.)

1089 422 1501 473 ANNAMUM
1551 425 1701 474 mn.
1748 417 1918 474 :nu

2427 410 2597 477 1147

492 563 560 627 4.
624 559 840 643 Igitur
897 555 1240 636 Vitellius,
1295 559 1558 623 nomine
1603 557 1953 624 Censoris*
1980 558 2250 626 serviles
2290 559 2598 626 fallacias

405 666 770 746 obtegens,q
836 660 1392 744 ingruentiumque
1475 659 2015 724 dominationum¹
2085 661 2416 743 provisor,
2461 680 2599 744 quo

407 765 682 847 gratiam
710 759 1094 844 Agrippinae
1125 765 1410 842 pararet,
1448 761 1747 825 consiliis
1787 761 1932 844 ejus
1972 759 2330 844 implicari,
2356 765 2597 827 serere¹

406 865 685 930 crimina
711 865 777 928 in
807 862 1127 938 Silanum,
1172 862 1283 925 cui
1314 880 1471 925 sane
1499 861 1742 925 decora
1768 867 1835 932 et
1862 881 2116 945 procax
2144 880 2349 938 soror,
2392 860 2440 926 J
2441 863 2603 928 unia

407 964 710 1043 Calvina,
758 963 938 1028 haud
988 962 1266 1028 multum
1317 969 1470 1028 ante
1515 962 1776 1028 Vitellii
1822 983 2025 1027 nurus
2071 961 2307 1027 fuerat.
2311 970 2332 997 ³

2418 962 2601 1029 Hine

473 1144 640 1208 Itaque
668 1142 908 1205 Vitellius,
945 1137 1162 1192 vocabulo
1207 1142 1426 1194 Censoris
1464 1150 1626 1221 tumes
1659 1143 1862 1195 astutia
1898 1146 2149 1207 occultans,
2180 1149 2228 1194 et
2258 1139 2605 1194 imminentium

406 1209 676 1272 principum
707 1179 986 1272 previdens,
1017 1209 1071 1256 u't
1103 1208 1366 1257 amicitiam
1386 1209 1669 1272 Agrippinen
1688 1209 1781 1258 sibi
1803 1210 2090 1270 conciliaret,
2123 1203 2293 1259 sociari
2332 1208 2433 1268 eius
2456 1210 2606 1259 consi-

402 1273 489 1323 liis
525 1274 702 1334 coepit,
722 1280 778 1321 et
798 1273 954 1320 moliri
975 1272 1326 1322 criminationes
1346 1276 1568 1322 adversas
1589 1274 1823 1333 Silanum,
1844 1272 1922 1322 eui
1941 1278 2067 1323 certe
2083 1272 2298 1332 formosa
2314 1277 2364 1320 et
2389 1275 2608 1350 petulcae

407 1352 553 1401 soror,
573 1338 726 1386 Jnmia
749 1337 967 1399 Caluina,
989 1352 1091 1399 quae
1112 1352 1205 1385 non
1220 1338 1407 1400 pridem
1426 1342 1568 1388 antea
1596 1309 1894 1403 Vitelliijtlio
1915 1342 2072 1401 nupta
2079 1342 2199 1389 erut.
2265 1336 2400 1387 Hinc
2425 1337 2608 1400 prinei-

1324 1491 1382 1514 ‘V
1387 1494 1500 1514 eaeee

374 1661 377 1664 y
477 1604 504 1651 1
536 1599 683 1652 Bene
701 1602 1022 1653 Puteolanus
1033 1607 1096 1652 et
1131 1604 1467 1657 recentiores.

1504 1492 1683 1515 ‘OQ'

1532 1605 1621 1655 Ita
1640 1620 1845 1672 quoqne
1883 1555 2217 1657 emendatum
2235 1603 2289 1654 in
2301 1604 2408 1656 Ms.
2423 1600 2606 1655 'Vatiss

1376 1752 1598 1803 NOTAE

395 1842 569 1906 'signia
582 1845 967 1908 triumphalium.

476 1921 504 1959 1>
539 1918 748 1967 Nomine
785 1921 1039 1984 Censoris]
1073 1923 1233 1986 Cujus
1277 1921 1381 1972 fuit
1420 1923 1473 1971 in

390 1995 743 2043 ‘matrimonia
765 1995 1040 2060 inquirere,
1056 2006 1118 2049 et
1143 1999 1209 2049 ad
1233 1999 1358 2049 talia
1378 1996 1469 2047 fla·

392 2070 541 2133 ‹gitia
560 2078 852 2120 senatorum
875 2072 1169 2124 advertere.
1219 2073 1411 2123 Unde
1397 2088 1471 2122 m-

407 2142 541 2206 fero,
565 2144 860 2195 damnatum
878 2147 1069 2210 incesti
1085 2149 1333 2209 Silanum,
1365 2161 1468 2198 non

410 2229 587 2270 tamen
626 2220 799 2284 capite
844 2228 935 2271 anit
974 2223 1131 2273 exilio
1176 2225 1468 2286 multatum,

412 2295 502 2344 sed
524 2294 677 2345 fnisse
717 2302 920 2346 tantum
957 2305 1140 2348 senatu
1177 2300 1378 2362 pulsnm
1415 2305 1471 2348 et

411 2376 641 2434 praetura
661 2373 908 2435 ejectum,
931 2374 1066 2437 quod
1092 2376 1177 2437 jus
1207 2374 1309 2424 fuit
1340 2376 1472 2425 Cen-

409 2447 561 2498 soris.
625 2448 732 2498 Sed
748 2447 976 2500 infamiae
1002 2463 1055 2501 et
1076 2451 1347 2502 dedecoris
1380 2453 1470 2502 im-

412 2525 619 2588 patiens
640 2526 841 2576 Silanus
874 2542 930 2576 se
958 2528 1070 2590 ipse
1101 2543 1222 2577 mox
1262 2529 1471 2580 occidit.

304 2602 309 2608 '
398 2601 600 2666 ·Sicque
624 2601 741 2651 odio
771 2601 1143 2653 dominantium
1182 2606 1470 2669 concitato,

411 2676 566 2727 etiam
585 2678 743 2726 Italia
764 2678 970 2741 ejicitur
993 2693 1139 2728 soror
1172 2679 1332 2743 ipsius
1346 2681 1472 2730 Cai-

396 2753 547 2817 ·vina,
582 2767 698 2818 quae
740 2768 861 2803 mox
899 2757 1138 2818 perculsa
1181 2755 1476 2821 Agrippina

408 2830 742 2879 revocabitur
776 2845 808 2878 a
838 2832 1071 2896 Nerone,
1107 2833 1351 2900 vivetque
1389 2850 1475 2884 ex-

396 2911 561 2955 ·tento
581 2906 645 2954 ad
667 2907 1043 2971 Vespasianum
1067 2924 1195 2961 aevo.

475 2988 501 3022 «Ι
535 2980 742 3031 Ser-viles
765 2982 994 3042 fallacias
1024 2984 1267 3048 obtegens]
1306 2987 1476 3038 Dubi-

396 3056 540 3115 nvi,
579 3071 699 3106 num
746 3059 917 3121 prisco
962 3061 1121 3111 verbo
1166 3064 1474 3128 scripsisset,

411 3134 602 3182 serviles
636 3136 877 3197 pellurius.
974 3136 1130 3201 Apud
1173 3140 1473 3190 Lucretium

398 3210 696 3272 ‘seriptumz
733 3213 748 3238 ‘
774 3212 999 3263 Subdola
1029 3230 1147 3264 cum
1190 3217 1329 3267 ridet
1367 3220 1472 3283 pla-

410 3284 517 3335 eidi
548 3287 770 3349 pellacia
802 3289 964 3350 ponti.
968 3288 984 3311 '
1047 3292 1117 3340 Et
1160 3294 1470 3343 couvenien-

392 3360 517 3410 '.tior
537 3361 659 3410 huic
682 3365 957 3413 sententiae
982 3365 1091 3414 visa
1113 3381 1177 3416 ea
1196 3382 1316 3417 vox.
1351 3368 1471 3418 Non

413 3436 551 3485 enim
574 3443 683 3486 tam
705 3436 914 3487 fraudes
937 3447 1104 3503 erant,
1126 3456 1279 3506 qnam
1303 3443 1475 3493 adula-

413 3511 582 3561 tiones
603 3515 820 3563 humiles
843 3522 900 3565 et
922 3517 1180 3577 demissae,
1192 3520 1258 3568 ad
1282 3520 1478 3582 pellici·

413 3588 598 3638 endam
631 3590 1019 3656 parandamque
1042 3595 1261 3656 gratiam
1292 3595 1480 3660 Agrip·

411 3665 573 3729 pium,
591 3674 650 3715 ut
671 3666 866 3718 addicit
888 3676 1084 3719 noster.
1117 3671 1329 3733 Lipsius.

402 3776 411 3783 .
479 3741 644 3790 Erant
684 3756 819 3791 verae
844 3742 1062 3802 funaeioe
1102 3747 1205 3796 iuae
1244 3748 1309 3796 ad
1346 3747 1484 3798 deci·

415 3816 660 3880 piendum
695 3828 929 3869 senatum
950 3823 1304 3886 populumque
1328 3825 1480 3874 Rom.

414 3898 471 3943 et
502 3893 672 3955 ipsum
727 3895 1033 3958 principem,
1087 3898 1153 3947 ad
1201 3899 1482 3950 eludendas

414 3969 613 4032 priscas
668 3973 828 4035 leges,
877 3973 940 4021 ad
998 3989 1129 4023 nova
1166 3975 1479 4040 'nuptiarum

415 4052 660 4108 monstra,
685 4060 775 4096 seu
800 4048 998 4098 incesta
1030 4044 1482 4103 comminiscenda.

417 4121 585 4188 quue
610 4131 667 4174 ut
689 4123 894 4175 faveret
925 4126 1229 4191 Agrippinae
1254 4130 1482 4179 consiliis

419 4205 479 4250 et
499 4200 721 4250 artibus.

465 4280 487 4310 ³
504 4276 925 4343 lugneus-que
938 4279 1339 4345 demuma]
1354 4282 1485 4333 Ver-

1552 1848 1623 1897 tit
1645 1847 1784 1898 Clar.
1807 1847 2066 1910 Hariaeus,
2090 1846 2237 1912 quasi
2258 1844 2609 1908 proximorum

1551 1923 1926 1973 dominantium
1948 1922 2159 1971 consilia
2180 1921 2489 1985 praevideret
2521 1918 2620 1968 Vi·-

1554 2000 1744 2050 teliius.
1810 2000 1928 2049 Hoc
1970 2010 2145 2047 verum
2169 2002 2269 2058 est,
2294 1996 2386 2044 sed
2419 2005 2521 2043 non
2550 1994 2609 2043 id

1551 2076 1729 2126 statim
1767 2090 1833 2125 ex
1871 2073 2044 2124 verbis
2082 2072 2262 2121 Taciti
2320 2071 2612 2133 exprimen-

1550 2152 1690 2201 dum.
1730 2151 1868 2200 Nam
1891 2152 2140 2214 pleraque
2164 2147 2263 2197 alia
2280 2148 2437 2197 etiam
2461 2146 2614 2196 simui

1549 2226 1842 2290 praevidere
1884 2224 2085 2289 potuit:
2117 2224 2336 2286 praecise
2358 2221 2614 2284 praevide-

1551 2302 1646 2351 bat
1662 2308 1885 2362 tantum,
1918 2300 2122 2364 quinam
2144 2299 2376 2362 proxime
2393 2298 2478 2346 vei
2495 2309 2614 2346 cum

1552 2375 1790 2439 Claudio,
1813 2376 1897 2424 vel
1935 2381 2053 2439 post
2084 2374 2355 2425 Claudium
2393 2374 2615 2436 impera·

1551 2447 1658 2502 turi
1700 2456 1905 2513 essent;
1958 2457 2016 2501 et
2057 2450 2326 2515 praecipue
2370 2448 2617 2513 intelligit

1552 2529 1893 2593 Agrippinam
1914 2533 1970 2576 et
1982 2528 2247 2577 Neronem
2267 2527 2379 2590 ejus
2394 2524 2577 2574 tilium.

1611 2610 1635 2637 ⁰
1656 2603 1849 2653 Vitellii
1862 2601 2211 2664 ια’-κείνω]
2234 2604 2482 2664 Vertunt,
2496 2616 2618 2666 qua-

1552 2679 1599 2728 si
1627 2678 1871 2728 Vitellius
1906 2678 2025 2728 hinc
2065 2677 2271 2726 initium
2314 2683 2369 2725 et
2412 2691 2617 2726 causam

1552 2753 1914 2817 praetexuerit,
1975 2751 2253 2803 accusandi
2330 2751 2617 2815 Calvinum,

1557 2830 1694 2896 quod
1734 2831 1887 2894 paulo
1926 2836 2048 2878 ante
2088 2842 2244 2878 nurus
2287 2844 2374 2878 sua
2413 2826 2616 2890 fuisset,

1558 2906 1695 2972 quod
1727 2905 1913 2956 falsum
1938 2912 2083 2969 puto.
2150 2905 2320 2955 Causa
2341 2910 2397 2953 et
2416 2903 2618 2952 initium

1544 2983 1898 3033 ‘accusationis
1911 2982 2129 3031 Vitellio
2149 2978 2268 3043 fuit,
2293 2979 2432 3045 quod
2452 2981 2621 3030 deeora

1554 3065 1798 3124 etprocax
1829 3075 1980 3119 soror,
2014 3057 2152 3122 quod
2174 3061 2449 3105 vocaretur
2480 3056 2621 3106 June

1554 3151 1586 3185 a
1605 3134 1771 3185 fratre
1792 3135 1982 3196 Silano,
2003 3134 2145 3199 qnasi
2166 3144 2313 3182 soror
2335 3140 2389 3180 et
2427 3132 2618 3196 conjux

1549 3212 1688 3261 illius
1712 3219 1871 3273 esset,
1908 3211 2045 3275 qnod
2079 3211 2241 3259 stulte
2276 3208 2529 3270 studeret,
2559 3212 2620 3257 ut

1548 3288 1712 3337 habet
1754 3290 1974 3337 Seneca.
2042 3285 2179 3334 Nam
2223 3291 2283 3333 ut
2327 3290 2474 3348 puto,
2514 3296 2622 3333 non

1552 3362 1706 3412 modo
1728 3362 1937 3424 decora,
1965 3361 2060 3410 sed
2083 3359 2338 3425 elegantis
2359 3365 2415 3409 et
2444 3356 2622 3409 festivi

1554 3438 1748 3502 ingenii
1772 3438 1889 3499 fuit,
1912 3452 2029 3502 quae
2052 3443 2109 3486 et
2129 3437 2242 3500 ipsa
2265 3444 2428 3498 esset,
2456 3442 2514 3486 et
2535 3437 2621 3484 lia·

1560 3514 1712 3564 beret
1754 3515 1806 3563 in
1848 3530 1902 3563 se
1935 3515 2072 3575 -sola,
2117 3513 2361 3576 quicquid
2406 3511 2623 3561 Deabns

1558 3593 1750 3643 Junoni
1791 3593 1847 3641 et
1872 3589 2071 3639 Veneri
2109 3587 2386 3638 affixerunt
2417 3595 2624 3639 veteres

1599 3666 1753 3717 oetae.

1562 3682 1597 3731 p
1634 3743 1821 3792 Vitellii
1857 3740 2028 3803 nurus]
2078 3741 2138 3791 L.
2161 3741 2402 3791 Vitellius
2446 3740 2628 3792 habuit

1563 3823 1701 3868 teste
1739 3820 1952 3868 sueton.
1975 3815 2102 3866 duos
2138 3815 2271 3865 tilios
2304 3816 2629 3879 superstites,

1562 3895 1579 3923 ‘
1602 3907 1736 3960 qnos
1768 3880 1852 3943 ex‘
1874 3892 2096 3941 Sextilia
2129 3892 2497 3954 probatissima
2527 3905 2628 3942 nee

1563 3971 1778 4036 ignobili
1812 3969 2041 4030 foemina,
2081 3968 2268 4031 editos,
2300 3969 2534 4018 consules
2557 3968 2631 4016 vi-

1564 4046 1688 4097 ditz’
1723 4051 1777 4096 at
1797 4044 1934 4095 filius
1956 4045 2103 4093 istius
2131 4044 2275 4092 Lucii
2303 4044 2521 4106 Vitellii,
2544 4044 2633 4109 qui

1565 4131 1746 4186 postea
1769 4121 2044 4185 princeps,
2061 4119 2242 4168 habuit
2274 4126 2476 4169 tantum
2499 4118 2631 4168 duaa

1564 4212 1775 4259 uxores,
1796 4209 1986 4260 nempe
2007 4196 2023 4221 ⁶
2043 4194 2366 4256 Petroniam,
2398 4194 2636 4244 consula-

1561 4274 1634 4326 ria
1647 4273 1750 4327 viri
1759 4271 2010 4333 numm
2025 4273 2041 4303 ⁶
2053 4270 2321 4323 Galeriam
2330 4267 2637 4323 Fundanam
