3100 4925
438 401 495 459 J.
522 387 716 472 εἴη]
1141 397 1552 480 {intumum
1598 397 1746 447 Lus.
1796 399 1976 447 xm.
2467 385 2640 451 1509

442 543 553 606 vel
608 560 876 626 poenam
934 557 1126 605 suam
1181 531 1666 605 dissuadentes,
1758 539 1941 618 Quid
1998 536 2174 603 enim
2225 538 2406 603 aliud
2461 541 2632 604 laeso

443 649 726 724 patrono
757 649 1194 718 concessum,⁰
1223 661 1426 724 quam
1468 648 1542 705 ut
1571 638 1990 706 vicesimum⁶
2018 640 2190 705 ultra
2226 640 2515 724 lapidem
2562 642 2634 705 in

441 805 559 867 ipsis
597 808 938 865 intentarent,
962 805 1406 870 impellerentque,
1430 807 1512 856 vel
1532 808 1602 855 sic
1624 822 1828 870 poeuam
1869 820 2013 854 suam
2048 803 2422 856 dissuadentes.
2494 803 2635 856 Quid

443 871 579 919 enim
616 870 757 920 aliud
788 872 1092 934 permissum
1124 868 1314 919 offenso
1348 879 1590 936 patrono,
1613 886 1769 935 quam
1791 876 1851 919 ut
1872 874 2112 918 amoveat
2132 868 2379 917 libertum
2401 870 2542 919 ultra
2561 869 2636 918 vi·

1363 995 1718 1016 ΜΟΙΦΝΟΟΟᾺ

441 1109 478 1152 θ
507 1102 818 1153 Manifestus
862 1118 1006 1153 error
1029 1103 1083 1152 in
1125 1103 1356 1167 lapidum
1400 1117 1637 1165 numero,
1657 1110 1712 1153 et
1731 1118 1825 1167 pro
1845 1104 2118 1153 vicesimum
2138 1095 2418 1168 legendum
2440 1097 2638 1152 centesi-

443 1184 585 1230 mum,
606 1169 683 1217 uti
722 1168 1192 1231 subindicavit-jam
1214 1168 1334 1217 olim
1357 1169 1582 1229 Lipsius,
1602 1182 1871 1218 asseruere
1895 1168 2170 1218 Salmasius
2190 1175 2245 1218 et
2268 1168 2512 1218 Camillus
2534 1167 2637 1217 Pe-

439 1234 690 1293 regrinus.
758 1233 930 1292 Ratio,
953 1233 1075 1295 quia
1097 1231 1377 1296 praefectus
1395 1232 1547 1290 Urbi,
1571 1232 1634 1280 ad
1657 1233 1803 1281 cu‘us
1826 1232 2246 1295 jurisdictionem
2272 1232 2508 1295 querelas
2534 1246 2640 1295 ⁴pa-

444 1299 704 1345 tronorum
729 1296 794 1344 de
832 1296 1029 1346 libertis
1107 1297 1380 1345 ertinuisse
1400 1296 1652 1359 Ulpianus
1727 1304 1846 1345 ocet
1884 1298 1920 1344 l.
1943 1310 1981 1345 1.
2003 1297 2075 1345 D.
2100 1296 2168 1345 de
2191 1293 2297 1345 Off.
2322 1295 2481 1345 Praef.
2505 1294 2639 1345 Urb.

443 1360 582 1410 intra
621 1360 916 1409 centesimum
949 1357 1054 1422 lapi
1095 1375 1176 1408 em
1211 1360 1579 1424 cognoscebat,
1600 1367 1661 1409 ut
1697 1362 1833 1409 ultra
1868 1360 2004 1410 bunc
2027 1359 2320 1409 Praefectus
2344 1359 2635 1419 Praetori03

442 1424 520 1472 uti
542 1425 735 1474 dicitur
754 1425 807 1471 in
831 1423 1009 1474 eadem
1032 1425 1168 1487 lege,
1184 1424 1309 1472 item
1334 1425 1367 1473 1.
1391 1436 1470 1473 tx.
1494 1425 1562 1472 D.
1588 1424 1654 1472 de
1677 1423 1787 1474 Off.
1811 1425 2060 1473 Procons.
2131 1424 2269 1472 Dein
2288 1423 2411 1487 quia
2436 1425 2637 1485 Campa*

440 1489 543 1600 aig,
566 1503 681 1563 quse
705 1495 847 1601 ῐέἒιλε
868 1488 1439 1601 Ιέἰτὶᾳιριῑῐῌίῃωςυαε,
1473 1489 1540 1599 εἲί)
1569 1487 1721 1600 ἔξω
1744 1488 1904 1539 distat
1925 1494 2133 1539 centum
2155 1496 2211 1538 et
2233 1493 2435 1551 septem
2456 1487 2638 1536 millia-

442 1566 485 1599 ri
526 1567 604 1615 us,
619 1567 719 1615 Jux
849 1567 881 1600 n
909 1567 1049 1601 omni
1127 1566 1417 1601 mei-arium.
1535 1567 1567 1614 y
1647 1567 1718 1601 us.

1433 1680 1652 1732 NOTAE

441 1743 666 1841 rentqnae
696 1792 759 1826 an
777 1793 885 1827 vero
920 1778 1176 1829 abnuerent
1200 1780 1496 1842 repellerent-
1577 1779 1593 1806 ‘
1610 1778 1751 1841 jura,
1774 1754 1959 1842 quibus
1979 1791 2105 1839 erga
2127 1776 2361 1840 libertos,
2384 1792 2499 1827 cum
2532 1774 2638 1840 alii,

441 1869 530 1916 que
547 1854 667 1903 hanc
697 1869 881 1917 poemm
899 1854 994 1903 sibi
1024 1855 1185 1918 infligi
1214 1855 1424 1918 solitam,
1450 1859 1499 1904 et
1581 1859 1691 1902 tum
1713 1853 1811 1917 ipsi
1829 1853 2046 1916 'patroni
2069 1851 2376 1901 uterentur!
2417 1853 2488 1901 Et
2511 1853 2640 1901 rele-

441 1943 505 1977 απ
533 1928 636 1977 sine
650 1929 929 1979 coercitione
945 1928 1169 1988 idfacere
1183 1930 1301 1994 ipsis
1316 1930 1501 1980 libertis
1582 1931 1722 1993 gatio
1762 1929 1970 1994 quidem
2013 1934 2097 1978 est
2141 1927 2207 1977 ab
2252 1927 2503 1991 exemplis
2542 1927 2641 1977 aevi

442 2003 624 2054 liceret.
690 2004 795 2052 Sed
814 2018 996 2067 parum
1020 2012 1157 2068 apte.

507 2078 939 2141 Namnet-bembus
958 2094 1120 2128 manus
1141 2080 1399 2142 intendere,
1415 2080 1501 2129 bic

442 2153 666 2217 intelligi
720 2154 882 2203 debet
925 2155 1000 2210 ,de
1047 2155 1350 2205 verberibus
1409 2169 1501 2205 seu

444 2223 738 2280 vulneribus
761 2231 945 2282 dandis
967 2233 1376 2297 infligendisque,
1400 2247 1500 2281 non

443 2307 773 2370 accipiendis.
845 2309 1006 2371 Ultro,
1025 2308 1080 2357 id
1116 2315 1214 2371 est,
1246 2324 1310 2357 an
1344 2310 1499 2373 primi

442 2383 678 2433 dominos
702 2385 1013 2434 lacesserent
1029 2384 1222 2434 liberti.

506 2467 530 2493 ⁸
567 2459 869 2524 Verberibus]
908 2461 1095 2511 Potest
1137 2461 1415 2524 dupliciter
1446 2461 1501 2509 id

441 2536 681 2599 intelligi,
703 2538 785 2585 vel
809 2537 933 2601 quia
971 2539 1144 2591 liberti
1183 2546 1366 2587 contra
1386 2553 1501 2587 vcr-

443 2613 569 2661 bera
590 2620 926 2676 patronorum
959 2616 1098 2664 ultro
1122 2629 1301 2664 manus
1331 2615 1500 2664 inten-

442 2688 659 2750 derent,
694 2691 776 2738 vel
799 2690 921 2754 quia
960 2690 1134 2739 liberti
1157 2691 1377 2740 verbera
1398 2705 1501 2738 ma·

441 2780 642 2832 nusque
696 2769 928 2831 patronis
977 2768 1105 2832 ipsis
1160 2769 1499 2830 intentarent,

443 2843 582 2905 quod
604 2857 814 2901 summae
833 2842 1066 2893 audaciae
1091 2842 1208 2893 fuit.

506 2916 529 2950 ¹²
576 2918 833 2980 Impulere]
911 2919 1094 2968 Lectio
1158 2920 1502 2982 impellerentve

445 2998 711 3056 patronos,
734 2993 898 3055 magis
923 2992 1127 3042 accedit
1150 2995 1217 3044 ad
1241 3002 1391 3045 vetus
1416 3009 1502 3043 ex·

442 3069 654 3132 emplar.
719 3067 784 3115 'rb
823 3068 1012 3131 impune
1031 3083 1137 3118 non
1172 3070 1326 3119 etiam
1362 3085 1502 3133 sper-

443 3142 684 3211 nendum.

505 3217 762 3282 Impulere]
798 3220 955 3282 Lege,
974 3219 1260 3282 impellerent
1298 3220 1371 3268 vel
1405 3235 1500 3282 μαε-

441 3310 553 3344 mm
593 3309 746 3356 mam,
795 3297 875 3356 ξε.
940 3294 1040 3342 Vel
1085 3294 1180 3356 sic,
1209 3295 1398 3357 impune
1429 3297 1502 3343 vel

435 3386 622 3434 mm
636 3385 767 3421 suam
786 3370 1121 3419 dissuadentes.
1172 3370 1372 3419 Eximia
1394 3368 1499 3419 An·

442 3449 620 3500 titbesi
659 3451 837 3499 horum
879 3448 1171 3512 verborum,
1190 3448 1375 3511 impune
1401 3464 1500 3511 γω-

438 3541 547 3576 uam
568 3542 717 3586 suern,
733 3529 815 3590 sse.

455 3616 456 3621 ¹
505 3604 560 3652 Si
582 3604 710 3666 legis
731 3603 1038 3665 impellerent,
1060 3602 1140 3650 bic
1161 3615 1340 3650 sensus
1360 3594 1462 3649 erit'
1481 3616 1493 3649 ε

438 3676 797 3729 Irreverentes
820 3678 997 3727 liberti
1034 3677 1265 3740 patronis
1288 3677 1498 3725 insulta-

440 3754 588 3816 bant,
614 3754 776 3803 minas
813 3754 1171 3813 intentabant3
1205 3753 1281 3801 ita
1316 3760 1377 3801 ut
1407 3765 1499 3801 eos

439 3830 682 3879 vietiam
726 3830 1058 3892 impellerent
1099 3828 1166 3877 ad
1205 3827 1499 3877 dissuaden-

440 3904 784 3968 dam'poenam
808 3904 1017 3952 suumin
1041 3911 1244 3954 senatu.
1305 3920 1310 3925 ·
1377 3922 1380 3925 “

456 3995 462 4003 ·
506 3986 531 4012 ⁸
559 3980 695 4030 Loeso
735 3985 935 4042 patrono
962 3979 1244 4042 concessum]
1279 3979 1499 4030 Quando

439 4055 514 4116 id,
530 4063 621 4105 aut
644 4070 745 4118 qua
779 4057 914 4118 lege,
935 4064 1162 4118 patrono
1174 4069 1498 4117 concessum,

431 4131 730 4194 quaerimus.
794 4131 1042 4194 Suspicor
1064 4145 1178 4180 esse
1210 4130 1276 4180 ab
1298 4128 1497 4192 Augus-

429 4213 514 4269 to,-
550 4206 657 4272 (μή,
676 4213 737 4258 ut
774 4205 878 4267 Dio
921 4205 997 4268 sit
1037 4206 1074 4258 l.
1096 4218 1184 4257 ιν.
1225 4205 1497 4256 constituit

1580 2003 1757 2068 prisci.
1823 2005 1898 2053 Ut
1940 2002 2077 2052 enim
2119 2007 2297 2065 patres
2341 2001 2465 2051 olim
2505 2000 2638 2051 filios

1582 2093 1669 2127 rus
1719 2077 2023 2140 relegabant
2071 2091 2239 2140 poenae
2289 2082 2342 2124 et
2388 2077 2640 2126 molestiae

1583 2169 1758 2215 causa,
1802 2153 1903 2218 (uti
1971 2152 2188 2201 Roscius
2233 2152 2528 2214 Amerinus,
2561 2151 2640 2201 uti

1581 2231 1875 2294 Torquatus
1895 2244 1926 2277 a
1949 2228 2181 2291 patribus
2218 2227 2438 2289 relegari
2459 2229 2640 2291 legun-

1582 2311 1666 2355 tur
1685 2303 1727 2368 3)
1759 2304 1835 2353 sic
1873 2303 2101 2366 patronis
2127 2302 2390 2364 relegandi
2423 2301 2640 2352 libertos

1575 2383 1663 2446 jus
1683 2396 1819 2430 nunc
1841 2380 2041 2444 tribuit,
2063 2379 2172 2429 sive
2204 2380 2316 2445 quis
2352 2377 2505 2443 alius,
2529 2380 2638 2431 sive

1581 2458 1867 2522 Augustus.

1646 2533 1750 2583 Sed
1788 2534 1842 2582 in
1877 2547 2090 2583 numero
2112 2547 2234 2599 num
2256 2547 2356 2597 qua
2378 2532 2511 2582 ratio
2533 2533 2552 2581 ?
2583 2539 2641 2584 et

1582 2624 1677 2667 cur
1715 2625 1816 2658 non
1857 2610 1998 2659 ultra
2032 2608 2325 2658 vicesimum
2375 2609 2639 2672 lapidem?

1579 2686 1725 2737 Nihil
1780 2685 2002 2749 reperio.
2067 2684 2360 2734 Praefectus
2430 2684 2640 2749 quidem

1580 2761 1712 2810 Urbi
1747 2762 1885 2810 intra
1902 2762 2242 2811 centesimum
2271 2760 2499 2823 lapidem
2520 2774 2641 2824 cog-

1580 2838 1865 2887 noscebat:
1901 2838 2057 2898 ultra,
2099 2834 2394 2886 Praefectus
2442 2837 2642 2886 Praeto·

1580 2915 1657 2965 rio
1679 2933 1692 2964 ι
1728 2921 1786 2964 ut
1809 2922 1956 2964 notat
1975 2914 2233 2978 Ulpianus
2256 2914 2308 2960 in
2331 2911 2513 2976 fragm.
2534 2912 2639 2978 Py-

1582 2992 1797 3042 thoeanis
1833 2993 1914 3043 tit.
1955 2992 2021 3041 de
2059 2991 2345 3058 plagiariis,
2377 2990 2492 3042 etl.
2515 3004 2553 3042 1.
2571 2990 2638 3040 de

1584 3067 1690 3119 Off.
1714 3068 1874 3118 Praef.
1895 3068 2052 3119 Urbis
2071 3071 2104 3118 l.
2120 3082 2198 3119 ix.
2217 3067 2371 3118 Offic.
2393 3069 2639 3118 Procons.

1647 3146 1829 3209 quue
1847 3146 2331 3209 exemplo‚Severus
2348 3144 2483 3208 Imp.
2495 3143 2640 3194 1³1·ae-

1580 3221 1810 3271 torianos
1831 3221 2023 3269 milites
2040 3221 2179 3269 ultra
2199 3222 2536 3271 centesimum
2565 3222 2640 3271 la-

1578 3290 1752 3359 pidefn
1796 3295 1976 3344 abesse
2016 3296 2082 3343 ab
2116 3296 2259 3346 Urbe
2295 3297 2469 3361 jussit,
2500 3297 2639 3362 apud

1579 3370 1934 3420 Herodianum
1958 3372 1992 3419 l.
2013 3384 2081 3419 n.
2138 3371 2207 3420 Et
2229 3372 2460 3436 Prosper
2476 3372 2639 3438 Aqui-

1579 3453 1732 3496 tanus
1769 3444 1836 3495 de
1856 3446 2199 3510 Symmacho:
2235 3462 2388 3512 quem
2408 3454 2545 3497 'cum
2566 3449 2638 3501 A·

1579 3538 1688 3573 ram
1738 3523 1985 3572 Victoriae
2044 3523 2253 3572 restitui
2306 3525 2638 3590 postulasset,

1578 3600 1593 3626 ⁴
1618 3599 1779 3648 iratus
1802 3599 2066 3662 princeps,
2085 3598 2260 3648 statim
2284 3614 2316 3648 a
2339 3599 2442 3648 suis
2460 3615 2639 3664 aspec-

1580 3676 1718 3725 tibus
1770 3677 1970 3740 pulsum
1998 3675 2067 3724 in
2111 3677 2393 3739 centesimo
2447 3678 2639 3742 lapide,

1581 3755 1755 3804 rhedas
1791 3769 1893 3803 non
1931 3760 2110 3805 stratae
2139 3755 2452 3821 impositum,
2468 3772 2529 3808 ea
2550 3757 2638 3811 die

1578 3844 1786 3880 manere
1809 3830 2094 3893 praecepit.'

1645 3907 1748 3963 Dio
1788 3913 1960 3956 tamen
1993 3907 2027 3956 l.
2050 3919 2149 3956 ιιι.
2176 3907 2258 3956 ubi
2282 3908 2349 3956 de
2368 3907 2637 3960 Praefecto

1581 4058 1843 4118 terminat,
1865 4055 1949 4119 ἔξω
1976 4059 2063 4116 τῆς
2097 4056 2281 4118 ’πόλεως
2302 4056 2445 4122 μέχρι
2465 4058 2635 4118 σενι-ἠ·

1576 4151 1722 4191 κοντα
1739 4133 1818 4183 καὶ
1839 4132 2088 4196 ἑξακοσίων
2105 4133 2306 4184 σταδίων
2325 4151 2339 4183 2
2373 4136 2636 4187 Extremi·-

1575 4212 1678 4271 bem
1707 4225 1849 4275 usque
1879 4213 1944 4260 ad
1974 4216 2196 4263 sexcenta
2225 4216 2274 4261 et
2293 4210 2637 4277 quinquaginta
