3100 4925
432 410 498 474 σῖ·
522 419 585 473 c.
608 417 714 482 η]

1153 413 1564 467 ΑΝΝΑΒΙῙΙΜ
1614 418 1758 466 mn.

1806 418 1947 468 xu.
2472 402 2645 470 1333

438 560 698 640 Patres»,
749 561 905 628 odio
958 562 1324 640 delatoris:
1373 567 1602 628 contra
1655 563 1974 629 ambitum
2022 558 2439 648 Agrippum,
2486 583 2638 648 por-

438 664 684 729 vicere.
743 684 750 689 ·

463 802 478 809 —
521 765 632 830 60.
664 765 917 830 Eodem
947 785 1120 830 anno
1150 765 1405 848 saepius
1434 764 1664 831 audita
1685 784 1821 831 vox
1839 762 2174 849 Principis
2202 769 2225 800 ‘
2243 784 2477 848 parem
2500 767 2640 833 vim

438 874 649 931 rerum
676 866 1083 945 habendam,·
1108 886 1151 930 a
1192 866 1743 933 Procuratoribus
1773 869 1914 932 suis
1943 867 2384 954 judicatarum
2389 865 2441 947 ,b
2468 887 2550 932 ac
2579 868 2639 933 si

432 1010 542 1090 caio
561 1030 860 1101 amatoris,
878 1042 1095 1090 mamas
1114 1038 1414 1089 ambitionem
1434 1035 1739 1104 Agrippina.

504 1104 679 1153 Iisdem
699 1105 960 1154 consulibus
977 1119 1099 1168 soepe

1118 1106 1282 1153 audita
1301 1119 1393 1152 vox
1413 1105 1726 1168 imperatoris,

1763 1119 2100 1184 quaecumque
2124 1103 2426 1156 statuissent
2449 1120 2638 1169 procu·

439 1172 637 1218 ratores
661 1170 900 1234 Caesaris,
927 1183 1104 1232 parem
1125 1169 1228 1218 vim
1247 1168 1436 1221 habere
1458 1168 1671 1232 debere,
1706 1184 1768 1220 ac
1803 1172 1848 1222 si
1871 1173 1985 1236 ipse
2013 1169 2319 1235 judicasset.
2388 1170 2463 1220 Ac
2491 1185 2551 1222 ns
2572 1185 2637 1221 ea

1434 1315 1650 1366 NOTAE

502 1433 528 1461 ⁸
562 1428 686 1478 Odia
719 1428 963 1492 delatoris]
1028 1425 1164 1482 Quia
1184 1426 1384 1479 delator
1405 1428 1495 1478 ille

441 1502 660 1554 infestus
698 1511 752 1554 et
791 1505 982 1554 invisus
1013 1503 1130 1566 fuit,
1161 1511 1215 1553 et
1253 1503 1497 1553 festinata

438 1593 574 1629 mors
590 1581 746 1630 Tauri
768 1585 888 1629 ante
904 1595 1054 1629 omne
1064 1581 1340 1643 judicium,
1362 1595 1497 1630 max·

438 1654 592 1707 imam
628 1658 681 1706 in
718 1657 862 1706 illum
895 1656 1134 1707 invidiam
1186 1657 1364 1745 populi
1407 1670 1493 1720 pa-

437 1735 674 1796 trumque
694 1732 996 1795 concitavit,
1030 1732 1152 1797 quia
1172 1733 1247 1781 sic
1271 1738 1330 1781 ut
1350 1733 1495 1782 inno·

437 1821 562 1858 cens
599 1816 654 1858 et
694 1824 725 1859 a
761 1807 891 1858 falso
933 1808 1167 1858 delatore
1206 1823 1497 1872 oppressus,

433 1884 659 1934 omnium
680 1884 926 1934 bonorum
959 1884 1202 1949 opinione
1232 1885 1495 1936 existima-

437 1957 607 2009 batur.

452 2079 462 2085 .
499 2032 525 2067 ὓ
553 2034 599 2084 A
615 2036 996 2099 procuratoribus
1025 2036 1124 2085 suis
1144 2036 1494 2100 judicaturum]

436 2109 805 2177 Defunguntur
840 2113 993 2175 vulgo
1024 2113 1212 2162 leviter
1240 2113 1495 2176 interpre-

435 2188 633 2238 tatione
654 2189 801 2252 louus
822 2188 941 2253 loci,
975 2196 1031 2239 et
1067 2190 1281 2239 alterins
1313 2192 1492 2240 Sueto·

435 2261 573 2311 niani
596 2263 884 2326 comparis:
911 2267 927 2291 ‘
954 2270 1011 2313 ut
1031 2270 1146 2314 rata
1168 2272 1359 2327 essent,
1374 2281 1490 2330 quoe

436 2345 796 2402 procuratores
819 2338 898 2389 sui
922 2341 975 2389 in
990 2340 1279 2404 judicando
1302 2347 1494 2391 statue·

432 2420 570 2480 rent,
594 2431 625 2465 a
641 2414 822 2467 senatu
844 2415 1078 2481 precario
1101 2415 1309 2481 exegit?

499 2491 755 2542 Referunt
775 2493 910 2542 enim
933 2493 999 2542 ad
1033 2498 1394 2556 procuratores
1418 2492 1491 2541 rei

434 2565 699 2617 &miliaria
731 2569 784 2617 in
819 2568 1127 2631 provinciis:
1179 2568 1365 2633 quibus
1404 2566 1491 2617 da-

434 2649 544 2704 tum
585 2658 722 2693 nunc
771 2644 861 2707 jus
909 2644 1090 2693 volunt
1148 2643 1492 2706 cognoscendi
1562 2699 1569 2704 λ

432 2719 794 2784 ιιιιιιειιᾱίςιιε
817 2720 955 2771 inter
975 2718 1204 2783 privatos
1223 2725 1277 2767 et
1294 2717 1492 2780 fiscum,

431 2794 486 2846 in
525 2809 584 2844 re
619 2795 918 2865 pecuniaria
940 2795 1182 2859 quidem3
1228 2809 1331 2844 non
1353 2795 1490 2845 enim

429 2870 729 2922 criminum:
755 2877 1076 2934 argumento,
1098 2872 1132 2921 l.
1156 2885 1223 2921 ιι.
1248 2872 1308 2923 C.
1336 2872 1378 2920 si
1401 2871 1488 2921 ad-

431 2959 566 2999 vers.
605 2947 717 2998 fise.
761 2949 794 2998 l.
829 2961 952 2999 vm.
992 2950 1039 3012 ξ.
1080 2948 1489 2999 Τιιιιιιοιίοιιοε.

431 3024 519 3076 De
561 3030 809 3075 transact.
850 3025 888 3073 l.
926 3037 967 3073 ι.
1010 3025 1071 3075 C.
1119 3023 1311 3088 jurisd.
1354 3038 1489 3074 omn.

420 3097 589 3162 judic.

494 3176 685 3241 Itaque
738 3190 840 3227 non
894 3173 1034 3225 aliud
1086 3175 1323 3228 Tacitum
1379 3180 1485 3225 tam

429 3252 586 3316 longa
622 3258 677 3301 et
712 3251 927 3316 querula
947 3240 1192 3301 ‘oratione
1213 3249 1488 3314 indignari,

432 3342 582 3394 quam
611 3327 1027 3392 jurisdictionem
1054 3327 1487 3377 Procuratoribus

430 3403 721 3453 mandatam
740 3402 795 3453 in
818 3417 875 3453 re
897 3410 954 3452 et
973 3414 1129 3453 causa
1151 3400 1311 3451 fiscali
1332 3416 1483 3465 pecu-

426 3479 624 3541 niaria,
610 3497 624 3510 ·
677 3494 957 3545 eorumque
997 3478 1213 3529 decreta
1257 3478 1405 3528 firma
1453 3495 1487 3528 a

428 3554 644 3608 Claudio
686 3556 865 3606 habita
904 3563 962 3606 et
997 3561 1125 3605 rata.
1208 3555 1316 3605 Sed
1358 3556 1483 3604 mihi

426 3629 682 3695 profecto,
700 3639 776 3696 et,
795 3633 974 3695 credo,
992 3633 1173 3683 Tacito
1206 3632 1307 3682 alia
1336 3647 1482 3683 mens

425 3713 524 3760 est.
588 3708 800 3772 Lipsius.

489 3783 536 3833 A
553 3782 934 3847 procuratoribus
949 3782 1071 3845 suis]
1119 3783 1281 3847 Capio
1303 3783 1369 3832 de
1392 3800 1482 3848 ap-

426 3859 728 3925 pellatione,
748 3859 821 3909 ita
844 3866 900 3910 ut
921 3859 985 3909 ab
1006 3859 1106 3909 illis
1126 3874 1229 3909 non
1250 3860 1480 3923 appella-

423 3940 588 3998 retur,
619 3935 757 3999 qnod
790 3935 1175 3999 magistratibus
1212 3941 1335 3985 ante
1369 3949 1486 3985 con-

425 4011 584 4062 cessit
606 4010 838 4075 Caligula
874 4010 1012 4074 apud
1050 4012 1194 4061 Suet.
1220 4016 1300 4062 16.
1329 4012 1344 4039 ‘
1370 4012 1484 4061 Ma·

426 4086 725 4151 gistratibus
746 4086 959 4142 liberam
970 4086 1408 4151 Ῑῃιίιῶοιίοιιειιι,
1430 4093 1486 4138 et

422 4161 539 4211 sine
572 4163 650 4212 sui
685 4163 1036 4227 appellatione
1064 4163 1356 4217 concessi&
1417 4164 1483 4214 Id

419 4243 521 4304 est,
544 4247 602 4290 nt
622 4239 760 4305 apud
782 4254 901 4291 eum
922 4239 1419 4318 non-appellaretur.

1641 1427 1715 1479 Hi
1757 1431 2136 1491 procuratores,
2195 1425 2307 1477 sive
2347 1427 2485 1477 servi
2527 1428 2638 1481 sive

1574 1500 1773 1567 liberti,
1814 1505 1924 1554 sive
1965 1502 2176 1567 ingenui
2219 1501 2505 1567 equitesve,
2547 1505 2641 1555 ali·

1576 1578 1784 1642 quando
1819 1578 2122 1644 quibusdam
2159 1579 2331 1642 rebus,
2361 1562 2639 1643 aliquando

1577 1653 1809 1704 omnibus
1866 1653 2320 1718 praeponebantur.
2415 1655 2640 1707 Quibus-

1576 1730 1696 1781 dam
1718 1732 1890 1796 rebus,
1926 1738 1985 1781 nt
2011 1732 2352 1794 vestimentis,
2375 1735 2474 1784 dcc.
2499 1735 2640 1786 unde

1569 1806 1872 1871 maniarii,
1914 1807 2121 1869 ostiarii,
2162 1808 2430 1867 lecticari2',·
2478 1811 2640 1863 omni-⁴

1575 1884 1688 1946 bus,
1710 1891 1771 1934 ut
1806 1884 2176 1948 dispensationi
2214 1883 2475 1946 domuum,
2497 1886 2638 1937 nude

1569 1959 1923 2023 dispumaret.
1990 1960 2164 2010 Etiam
2196 1960 2439 2012 universo
2471 1961 2653 2024 patri«

1571 2037 1740 2088 monio
1795 2037 2060 2101 principis,
2103 2038 2220 2087 hinc
2273 2044 2636 2100 procuratores

1571 2112 1791 2164 catholici
1826 2115 1974 2176 dicti,
2006 2127 2069 2164 ιι.
2107 2114 2223 2164 cod.
2267 2112 2333 2163 de
2373 2121 2634 2178 procurat.

1574 2195 1630 2238 et
1682 2189 1924 2240 conduct.
1978 2190 2159 2242 domus
2198 2189 2332 2254 Aug.
2370 2191 2635 2258 primaque

1574 2277 1752 2313 eorum
1771 2279 1901 2314 cura
1921 2263 2039 2328 fuit,
2074 2266 2250 2315 audire
2276 2267 2497 2317 rationes
2513 2283 2636 2318 con·

1574 2354 1855 2401 servorum,
1888 2341 1970 2389 vel
2000 2341 2385 2390 collibertorum
2409 2357 2636 2407 suorum,

1575 2413 1757 2479 quibus
1806 2419 1955 2464 erant
2004 2413 2308 2479 praepositi:
2377 2416 2635 2480 quomodo

1571 2492 1817 2541 Ardentes
1845 2491 2054 2556 reliquis
2085 2490 2245 2542 servis
2281 2492 2333 2541 in
2367 2493 2518 2543 domo
2549 2496 2635 2546 be-

1573 2567 1673 2619 rili.

1635 2644 1833 2694 Postea
1846 2649 2114 2695 crescente
2129 2645 2497 2709 imperatorum
2516 2659 2633 2697 auc·

1571 2721 1805 2785 toritate,
1826 2720 1991 2770 crevit
2027 2735 2233 2785 quoque
2270 2733 2445 2771 eornm
2467 2720 2631 2785 digni-

1573 2803 1672 2858 tas,
1694 2802 1749 2845 et
1784 2796 1850 2845 de
1890 2795 2177 2846 rationibus
2204 2796 2422 2846 Caesaris
2442 2809 2630 2859 cogno-

1570 2877 1777 2933 verunt,
1793 2886 1908 2936 quas
1927 2885 2132 2936 quaque
2152 2872 2204 2919 in
2228 2872 2497 2935 provincia
2517 2871 2633 2923 red·

1569 2946 1834 3009 detentor,
1866 2946 1919 2995 in
1957 2961 2057 3011 qua
2092 2947 2272 2997 Caesar
2306 2960 2481 2997 servos
2509 2961 2629 2998 suos

1570 3028 1627 3071 et
1647 3022 1992 3085 possessiones
2010 3021 2246 3073 haberet.
2293 3022 2438 3074 Nihil
2455 3030 2631 3075 tamen

1561 3097 1893 3161 judicabant,
1929 3098 2338 3164 dicebanturque
2378 3100 2633 3156 rationales

1571 3175 1792 3225 casaris.

1631 3251 1824 3301 Postea
1843 3265 1968 3300 vero
1992 3249 2290 3314 jurisdictio
2320 3250 2444 3300 data
2466 3258 2550 3303 est
2568 3252 2629 3304 li·

1568 3325 1732 3375 bertis
1756 3326 2003 3391 principis
2039 3326 2092 3375 in
2132 3325 2397 3376 audiendis
2420 3327 2630 3378 rationi-

1567 3402 1684 3464 bus,
1712 3402 1902 3466 jusque
1925 3401 2159 3453 dicendae
2179 3404 2451 3452 sententiae
2474 3403 2526 3452 in
2548 3403 2627 3454 bis

1566 3493 1682 3543 quae
1702 3478 2027 3542 pertinerent
2044 3478 2112 3526 ad
2128 3478 2415 3539 Caesarem3
2438 3477 2626 3529 deinde

1564 3552 1793 3617 cognitio
1828 3552 1964 3602 iuter
2000 3549 2178 3601 fiscum
2213 3559 2270 3601 et
2305 3552 2537 3615 privatos
2569 3553 2625 3605 iu

1564 3629 1734 3679 causis
1754 3626 2014 3678 fiscalibus
2036 3632 2239 3677 tantum
2261 3627 2587 3691 pecuniariis.

1628 3704 1822 3754 Postea
1853 3704 1969 3754 vice
2004 3702 2279 3768 praesidum
2314 3693 2484 3755 functi
2506 3713 2628 3759 sunt

1562 3782 1616 3833 in
1640 3781 1914 3846 provinciis
1940 3782 1978 3831 l.
2014 3795 2092 3831 ιν.
2130 3780 2197 3830 ad
2220 3781 2282 3831 L.
2308 3782 2523 3833 Fabiam
2540 3783 2625 3835 ·de

1561 3855 1701 3924 plag:
1723 3865 1780 3910 et
1800 3859 1930 3909 Tac.
1969 3859 2040 3909 de
2077 3859 2430 3911 criminalibus
2453 3860 2624 3912 causis

1564 3950 1851 4000 agnovere:
1900 3936 1935 3985 l.
1970 3948 2050 3985 rx.
2085 3936 2151 3986 de
2173 3933 2262 3985 off.
2285 3950 2440 3999 praes.
2474 3935 2510 3987 l.
2536 3950 2624 3990 111.

1562 4013 1651 4064 ubi
1670 4026 1837 4063 cnusae
1861 4010 2083 4062 fiscales.
2145 4011 2385 4062 Aurelius.

1627 4087 1673 4137 A
1711 4086 2121 4138 Prot-emtoribus
2141 4088 2242 4137 sais
2279 4087 2627 4160 ,ὶιιᾶἰσαια-ιιιιι]

1564 4163 1723 4213 Haud
1744 4163 1899 4214 dubie
1921 4169 2065 4226 ante,
2097 4177 2200 4213 non
2238 4162 2474 4214 omnibus
2506 4177 2624 4227 pro-

1561 4237 1883 4289 curatoribus
1928 4236 2148 4290 Caessris
2195 4236 2252 4289 id
2303 4250 2619 4308 concessum,
2664 4275 2667 4280 -
