3100 4925
476 403 649 476 1364

1187 425 1254 473 c.
1275 421 1672 473 :connum
1719 415 1975 473 ‘ramim

2354 427 2539 493 [Anu.
2558 429 2675 490 ξοδ.

1464 630 1683 684 ΝΟΤΙΕ

472 763 750 829 nigrosque
767 765 1123 813 ‘secernerent
1187 759 1253 810 Id
1294 768 1396 823 est,
1420 775 1540 825 sup·

474 844 625 904 putat
646 839 911 887 colomna
927 831 1089 900 pariit,
1106 836 1253 887 binos
1275 844 1536 898 numerat,

471 928 570 1004 per
595 912 742 976 paria
773 911 979 973 dividit,
1001 926 1068 961 ne
1110 911 1162 960 in
1197 912 1410 974 siugulis
1433 912 1538 961 lon-

473 990 589 1056 gior
621 994 781 1052 esset,
801 988 884 1039 vel
922 988 1002 1038 his
1037 986 1170 1037 binis
1208 1001 1340 1051 opus
1364 987 1533 1038 distri·

473 1066 607 1156 buit·

494 1141 693 1195 iouod
727 1140 857 1191 dicit
885 1142 953 1190 Ae
972 1138 1214 1199 color-ibus,
1243 1138 1298 1190 id
1338 1151 1538 1199 verum,

472 1232 574 1271 nou
596 1222 744 1268 certe
763 1215 835 1266 de
857 1215 1062 1276 vinetis,
1083 1213 1176 1262 sed
1206 1213 1275 1262 de
1295 1212 1536 1262 decenti-

472 1292 650 1343 oribus
673 1298 729 1341 et
747 1290 1041 1341 domesticis
1056 1290 1285 1339 servulis.
1338 1292 1536 1339 Seneca

474 1369 644 1434 Epist.
679 1372 766 1420 96.
798 1372 813 1397 ‘
834 1368 1062 1417 Transeo
1100 1367 1420 1416 exoletorum
1445 1379 1533 1430 ag-

471 1445 612 1495 mina
656 1457 751 1507 per
796 1443 1033 1492 nationes
1095 1442 1396 1505 coloresque
1448 1442 1536 1491 de-

468 1519 696 1585 scripta?
762 1518 881 1570 Nec
899 1519 1065 1568 solum
1087 1526 1183 1581 per
1212 1519 1411 1566 colores
1443 1524 1536 1566 aut

468 1596 724 1658 nationes,
760 1595 852 1645 sed
885 1593 1042 1644 etiam
1081 1608 1177 1657 per
1208 1600 1395 1644 aetates
1433 1593 1535 1643 dis·

470 1670 641 1731 creti,
626 1686 639 1699 ·
676 1676 736 1720 ut
758 1675 907 1733 patet
925 1683 992 1719 ex
1013 1669 1133 1724 Tac.
1157 1667 1307 1720 infra.

474 1791 480 1806 ,
534 1706 872 1809 Ετέιιηῒιιῐατίἰ
894 1744 970 1793 illi
1005 1743 1164 1793 vincti
1202 1750 1402 1794 tautum
1442 1759 1531 1809 pe-

469 1822 639 1884 dibus,
661 1826 804 1870 metu
824 1817 980 1882 fugae,
999 1832 1103 1869 non
1125 1818 1375 1879 brachiis3
1411 1820 1534 1870 alio

468 1899 595 1964 quin
647 1911 776 1961 opus
829 1883 1006 1945 facere
1061 1910 1166 1944 non
1199 1897 1532 1958 -potuissent.

468 1971 658 2023 Ovid..
643 1973 700 2000 ·‘
712 1971 843 2033 Spes
861 1969 1020 2019 etiam
1042 1969 1174 2018 dura
1192 1970 1387 2019 solatur
1398 1984 1535 2019 com·

467 2049 604 2112 pede
637 2045 906 2097 vinctum!
973 2046 1043 2095 Et
1080 2045 1217 2095 laxae
1248 2046 1351 2094 illae
1393 2059 1531 2095 com-

467 2122 647 2187 pedes,
665 2135 758 2172 seu
773 2125 993 2181 catenae,
1008 2127 1066 2168 ut
1081 2119 1283 2184 ingredi
1302 2126 1531 2183 possent,

468 2204 527 2247 et
547 2197 699 2246 orbes
722 2200 924 2243 catenae
944 2208 975 2243 e
1007 2192 1165 2256 ferro,
1186 2196 1351 2245 instar
1373 2209 1530 2245 anuu-

466 2274 653 2322 lorum.
720 2270 770 2320 Ii
808 2270 1017 2335 gemina
1057 2270 1308 2334 compede
1347 2272 1531 2334 vincti,

466 2355 523 2398 et
556 2362 676 2398 crus
708 2346 769 2396 iis
805 2347 1025 2411 ligatum
1061 2352 1352 2411 utrumque.
1386 2349 1529 2397 Mar-

468 2425 641 2476 tialis:
675 2424 691 2453 ‘
713 2424 845 2486 Has,
863 2437 979 2473 cum
1018 2422 1224 2488 gemina
1259 2422 1530 2487 compede,

465 2501 682 2553 dedicat
702 2505 936 2561 catenas,
956 2498 1199 2559 Saturne,
1218 2498 1334 2561 tibi,
1353 2499 1526 2548 Zoilus

467 2576 682 2626 annulos
704 2573 936 2637 priores!
1008 2573 1235 2636 Inscripti
1260 2572 1414 2621 etiam
1435 2573 1530 2636 illi,

463 2654 519 2703 id
542 2658 643 2715 est,
661 2651 958 2716 stigmatiae,
978 2651 1087 2700 sive
1102 2650 1273 2700 literis
1290 2650 1528 2714 notisque

466 2730 520 2779 in
544 2728 678 2781 faeie
713 2727 915 2792 puncti,
955 2734 1014 2777 ut
1052 2727 1260 2792 agnosci
1295 2731 1529 2792 possent.

464 2800 763 2857 Scribonius
782 2806 981 2869 Largus
999 2819 1048 2856 c.
1067 2810 1183 2857 2⁸1.
1222 2806 1239 2834 ‘
1260 2806 1528 2858 Quatenus

464 2881 660 2933 acrium
680 2887 738 2931 et
758 2883 1172 2931 exulceratorum
1191 2881 1531 2931 medicamen-

463 2962 633 3007 torum
670 2956 851 3006 habita
888 2962 971 3006 est
1011 2957 1224 3019 mentio,
1262 2970 1527 3019 ponemus,

465 3044 569 3097 quo
622 3031 866 3095 stigmata
944 3029 1198 3080 tolluntur
1267 3031 1524 3095 indignis!

463 3106 718 3170 ¹Apuleius
742 3106 774 3155 Ι.
793 3117 879 3155 rx.
943 3104 960 3133 ⁶
979 3104 1071 3153 Dii
1092 3104 1231 3169 boni,
1250 3107 1426 3169 quales
1448 3107 1524 3157 mi

460 3181 774 3241 homunculi,
795 3184 897 3232 διο.
928 3179 1129 3230 frontes
1150 3182 1347 3232 literati
1364 3188 1420 3231 et
1441 3197 1526 3232 ca-

460 3257 644 3320 pillum
665 3255 895 3307 semirasi
908 3263 967 3305 et
990 3256 1153 3321 pedes
1172 3255 1441 3307 annulati!

524 3331 671 3382 Talia
689 3331 1043 3382 inscribebant
1063 3331 1225 3381 vultui
1242 3348 1259 3392 3
1292 3332 1309 3360 ‘
1325 3333 1467 3384 Cave
1489 3347 1521 3384 a

459 3405 610 3470 fure,’
627 3407 644 3435 ‘
663 3420 694 3456 a
715 3405 975 3471 fugitivo!
1043 3407 1351 3458 Petronius:
1385 3409 1402 3437 ‘
1420 3409 1520 3459 Im-

460 3482 625 3546 plevit
662 3482 946 3544 Eumolpus
989 3480 1219 3533 frontem
1255 3484 1519 3549 utriusque

460 3554 753 3620 ingentibus
773 3556 956 3618 literis,
984 3563 1038 3606 et
1059 3563 1238 3607 uotum
1273 3556 1520 3621 fugitivo·

460 3644 574 3679 rum
617 3632 934 3696 epigramma
988 3645 1082 3694 per
1129 3638 1289 3682 totam
1331 3632 1517 3684 faciem

458 3704 664 3756 liberali
696 3721 849 3755 manu
871 3705 1056 3756 duxit.'

524 3780 689 3830 Erant
725 3780 886 3844 igitur
913 3779 1132 3831 καίωσι·
1164 3796 1339 3832 omnes
1380 3783 1520 3833 vilio·

459 3868 545 3903 res
567 3855 734 3915 servi,
755 3862 814 3903 ut
853 3857 1020 3905 altera
1053 3870 1173 3919 pars
1210 3857 1399 3921 capitis

1617 759 1712 821 sal,
1736 757 1874 809 forte
1908 763 1964 808 et
1988 763 2210 809 acetum.

1680 836 1821 885 Tota
1859 835 2015 885 Italia
2048 832 2466 899 frequentissima
2485 831 2679 899 passim

1620 909 1731 959 hac
1764 910 2046 972 ergastula.
2089 908 2327 959 Liviusl.
2358 921 2439 958 vs.
2500 911 2527 942 ‘
2540 910 2683 962 08oe

1615 984 2004 1035 multitudinem
2043 984 2469 1035 innumerabilem
2492 986 2681 1046 libero-

1614 1074 1727 1110 rum
1768 1061 1998 1123 capitum
2019 1060 2072 1108 in
2117 1060 2179 1108 iis
2203 1060 2327 1109 locis
2352 1057 2526 1122 fuisse,
2559 1076 2677 1126 quoe

1613 1148 1752 1186 nuuc
1791 1136 1895 1195 vix,
1930 1135 2201 1185 seminario
2244 1135 2431 1198 exiguo
2456 1136 2677 1194 militum

1615 1211 1822 1274 relicto,
1863 1212 2076 1262 servitia
2107 1211 2262 1262 Rom.
2294 1213 2363 1262 ab
2399 1211 2677 1268 solitudine

1614 1287 1917 1338 vindicant!
2040 1305 2051 1312 ·
2448 1321 2453 1326 -
2622 1315 2631 1330 ι

1678 1361 1751 1410 Et
1773 1363 1955 1412 Florus
1987 1361 2054 1412 de
2092 1362 2302 1412 Sicilia:
2337 1363 2354 1392 ‘
2375 1353 2678 1415 Terin-feu*

1614 1453 1734 1502 gum
1779 1437 1944 1501 ferax,
1974 1443 2032 1489 et
2068 1438 2445 1502 quodammodo
2495 1439 2679 1489 subur-

1615 1512 1745 1562 baua
1761 1514 2044 1577 provincia,
2066 1511 2352 1564 latifundiis
2372 1514 2560 1563 civium
2576 1515 2678 1565 Ias·

1615 1592 1838 1640 tinorum
1873 1591 2165 1640 tenebatur.
2232 1590 2337 1640 Hic
2371 1590 2438 1640 ad
2475 1591 2675 1643 cultum

1612 1666 1726 1729 agri
1781 1664 2079 1730 frequentia
2131 1665 2394 1728 ergastula
2425 1666 2678 1722 catem-

1614 1756 1715 1806 que
1766 1744 1995 1794 cultores
2048 1741 2331 1794 materiem
2372 1742 2511 1793 bello
2545 1755 2678 1810 pro·

1614 1816 1811 1867 buere!

1680 1894 1835 1943 Unde
1856 1900 2025 1957 patet,
2059 1907 2203 1956 soepe
2241 1865 2677 1958 impendissedis·

1614 1969 1813 2018 crimen
1832 1968 1897 2018 ab
1934 1969 2228 2033 hujusmodi
2247 1984 2509 2020 εει-νοννιη-
2525 1974 2679 2034 egui-

1609 2044 1765 2107 aibus,
1791 2044 1835 2092 si
1858 2045 2165 2108 quandoque
2183 2058 2215 2092 e
2235 2046 2539 2096 carceribus
2560 2046 2674 2098 istis

1610 2126 1973 2184 erumperent:
2040 2120 2178 2170 unde
2238 2128 2408 2171 sumta
2471 2122 2673 2174 occasio

1612 2196 1934 2261 Agrippinae,
1954 2198 2118 2247 veluti
2155 2197 2442 2260 majestatis
2475 2198 2672 2267 crimen

1610 2272 1906 2322 intentsndi
1945 2272 2192 2328 adversus
2243 2272 2530 2324 Domitiam
2568 2273 2671 2334 ¹109

1608 2347 1744 2397 loco.

1672 2422 1777 2475 Sed
1826 2423 2042 2488 posthac
2075 2419 2336 2472 Adrianus
2388 2381 2673 2487 imperator

1607 2499 1961 2548 taliasaevitiae
1982 2502 2040 2548 et
2070 2498 2456 2548 inhumanitatis
2494 2499 2670 2564 prodi·

1607 2574 1694 2636 gia
1736 2575 1968 2636 sustulit,
2002 2580 2143 2624 teste
2178 2574 2491 2636 spartiano·
2476 2605 2491 2624 .
2534 2576 2568 2604 ‘
2576 2576 2670 2629 nr·

1609 2650 1843 2713 gaetula:
1874 2650 2060 2714 inquit,
2091 2654 2107 2679 ‘
2133 2663 2398 2700 servorum
2433 2658 2492 2700 et
2516 2642 2670 2701 liber·

1607 2731 1773 2774 torum
1811 2725 1966 2775 tulit.’
2029 2726 2235 2790 Nempe
2270 2726 2401 2790 tulit,
2434 2741 2531 2790 pro
2567 2742 2668 2778 sus-

1610 2802 1746 2853 tulit.
2618 2834 2629 2841 -

1672 2879 1790 2928 Nou
1813 2894 1908 2944 par
1923 2887 2068 2931 certe
2085 2879 2284 2931 saevitia
2299 2881 2353 2933 in
2369 2882 2505 2945 agris
2521 2882 2667 2939 circa

1607 2953 1873 3005 Lutetiam
1917 2956 2257 3015 Parisiorum,
2286 2958 2380 3006 sed
2418 2972 2516 3021 par
2549 2958 2664 3023 jun

1604 3028 1865 3091 cupiditas
1888 3037 2180 3081 exercetur.
2245 3032 2668 3093 Includuntnos·

1605 3103 1676 3153 tri
1698 3103 1911 3169 divites,
1930 3111 1986 3154 et
2005 3107 2270 3170 precipue
2293 3107 2490 3170 publici
2508 3125 2666 3165 exac-

1604 3189 1763 3243 tores,
1800 3195 1903 3232 uno
1948 3197 2094 3232 muro
2141 3183 2392 3235 immensa
2426 3186 2663 3251 villan-aa:

1603 3256 1790 3319 spatia,
1821 3264 2026 3322 stagna,
2048 3260 2230 3322 saltus,
2248 3268 2451 3311 montes
2469 3262 2665 3327 etipsa

1599 3328 1824 3390 fiumina,
1844 3332 1992 3396 (quid
2016 3333 2187 3383 dicam
2205 3334 2250 3399 ?)
2269 3335 2435 3400 ipsum
2452 3338 2661 3400 caelum,

1602 3406 1799 3454 solum:
1832 3408 2108 3471 Solemque
2146 3409 2246 3457 sibi
2281 3410 2391 3459 unis
2426 3411 2660 3476 vectiga-

1601 3482 1702 3530 lem
1746 3481 1966 3546 faciunt,
2004 3491 2061 3533 et
2112 3485 2306 3534 ceteris
2354 3486 2659 3538 mortalibus

1597 3562 1830 3607 naturam
1852 3558 2143 3609 universam
2159 3558 2399 3611 suffurari
2415 3562 2659 3627 gaudent.

1600 3632 1671 3681 Et
1697 3641 1965 3698 postquam
1993 3635 2193 3683 saevitia
2211 3650 2517 3699 oppressere
2532 3652 2658 3701 pro-

1599 3705 1810 3769 vincias,
1829 3713 1886 3756 et
1924 3707 2160 3757 sudorem
2197 3724 2539 3775 cruoremque
2569 3726 2659 3777 ex-

1599 3795 1804 3841 suxere,
1845 3784 1958 3846 jam
2005 3789 2062 3833 et
2115 3784 2388 3847 urbicolas,
2442 3785 2657 3852 urbique

1431 3873 1516 3908 ca-
1599 3857 1800 3908 vicinos
1830 3860 2039 3922 gravius
2062 3867 2117 3911 et
2151 3864 2370 3925 propius
2395 3873 2658 3925 premunt.

455 3931 656 3994 pillats,
677 3932 843 3980 altera
874 3932 1011 3981 nuda
1047 3939 1202 3993 esset,
1237 3948 1334 3996 per
1363 3934 1515 3985 risum
1592 3932 1801 3984 Vivitur
1833 3935 1886 3986 in
1921 3936 2077 3999 agris,
2096 3937 2139 3984 si
2164 3937 2326 3989 velint
2362 3938 2468 3998 ini;
2501 3938 2546 3989 si
2567 3954 2656 3990 no·

455 4011 516 4055 et
536 4006 913 4056 contumeliam.
977 4008 1080 4058 Sed
1122 4010 1328 4072 proprie
1362 4025 1515 4074 ptena
1593 4006 1709 4068 lint,
1757 4010 2078 4072 pereundum
2131 4018 2240 4061 est:
2289 4013 2369 4061 ita
2422 4020 2480 4063 ut
2530 4014 2656 4065 solis

453 4079 558 4129 fuit
578 4094 776 4144 eorum,
795 4082 881 4145 qui
901 4083 1340 4144 &argentumn
1355 4085 1513 4135 etiam
1592 4097 1768 4133 eorum
1792 4085 2034 4137 ministris
2067 4101 2129 4136 ac
2161 4087 2473 4141 satellitibus
2510 4095 2657 4143 ten-s

458 4155 526 4205 sd
570 4155 833 4219 publicum
872 4171 1005 4220 opus
1060 4157 1291 4209 damnati
1346 4166 1515 4215 erant.
1581 4158 1894 4226 jnmaperta
1913 4163 1999 4222 sit,
2014 4162 2094 4213 his
2112 4164 2237 4215 solis
2253 4165 2441 4217 coelum
2456 4173 2653 4229 pateat.

455 4231 641 4283 Tenuis
681 4231 885 4285 illorum
931 4233 1118 4300 vietus,
1153 4247 1308 4300 aqua,
1349 4234 1516 4301 panis,
1591 4233 1717 4289 Istis
1738 4235 1857 4291 solis
1881 4234 2097 4293 affluunt
2115 4238 2462 4306 labunturque
2480 4254 2654 4314 amnes
