<?xml version="1.0" encoding="UTF-8"?>
<!DOCTYPE html PUBLIC "-//W3C//DTD XHTML 1.0 Transitional//EN"
    "http://www.w3.org/TR/xhtml1/DTD/xhtml1-transitional.dtd">
<html xmlns="http://www.w3.org/1999/xhtml" xml:lang="en" lang="en">
 <head>
  <title>
</title>
<meta http-equiv="Content-Type" content="text/html;charset=utf-8" />
  <meta name='ocr-system' content='tesseract 3.04.00' />
  <meta name='ocr-capabilities' content='ocr_page ocr_carea ocr_par ocr_line ocrx_word'/>
</head>
<body>
  <div class='ocr_page' id='page_1' title='image "./operaomnia05unkngoog/operaomnia05unkngoog_0020.png"; bbox 0 0 3100 4925; ppageno 0'>
   <div class='ocr_carea' id='block_1_1' title="bbox 522 381 699 448">
    <p class='ocr_par' dir='ltr' id='par_1_1' title="bbox 522 381 699 448">
     <span class='ocr_line' id='line_1_1' title="bbox 522 381 699 448; baseline 0.011 -2"><span class='ocrx_word' id='word_1_1' title='bbox 522 381 699 448; x_wconf 61' lang='lat' dir='ltr'><strong>115ss</strong></span> 
     </span>
    </p>
   </div>
   <div class='ocr_carea' id='block_1_2' title="bbox 1257 393 2032 452">
    <p class='ocr_par' dir='ltr' id='par_1_2' title="bbox 1257 393 2032 452">
     <span class='ocr_line' id='line_1_2' title="bbox 1257 393 2032 452; baseline 0.004 -11"><span class='ocrx_word' id='word_1_2' title='bbox 1257 394 1323 441; x_wconf 75' lang='lat' dir='ltr'><strong>G·</strong></span> <span class='ocrx_word' id='word_1_3' title='bbox 1369 393 1564 443; x_wconf 79' lang='lat' dir='ltr'><strong>coRN</strong></span> <span class='ocrx_word' id='word_1_4' title='bbox 1576 393 1731 442; x_wconf 62' lang='lat' dir='ltr'><strong>Ebu</strong></span> <span class='ocrx_word' id='word_1_5' title='bbox 1778 393 2032 452; x_wconf 57' lang='lat' dir='ltr'><strong>Tauri]</strong></span> 
     </span>
    </p>
   </div>
   <div class='ocr_carea' id='block_1_3' title="bbox 2426 395 2751 463">
    <p class='ocr_par' dir='ltr' id='par_1_3' title="bbox 2426 395 2751 463">
     <span class='ocr_line' id='line_1_3' title="bbox 2426 395 2751 463; baseline 0.006 -14"><span class='ocrx_word' id='word_1_6' title='bbox 2426 395 2521 463; x_wconf 82' lang='lat' dir='ltr'><strong>[A.</strong></span> <span class='ocrx_word' id='word_1_7' title='bbox 2541 397 2612 451; x_wconf 78' lang='lat' dir='ltr'><strong>U.</strong></span> <span class='ocrx_word' id='word_1_8' title='bbox 2635 404 2751 458; x_wconf 72' lang='lat'><em>808..</em></span> 
     </span>
    </p>
   </div>
   <div class='ocr_carea' id='block_1_4' title="bbox 522 533 2747 623">
    <p class='ocr_par' dir='ltr' id='par_1_4' title="bbox 522 533 2747 623">
     <span class='ocr_line' id='line_1_4' title="bbox 522 533 2747 623; baseline 0.001 -18"><span class='ocrx_word' id='word_1_9' title='bbox 522 540 667 606; x_wconf 83' lang='lat' dir='ltr'><strong>lum</strong></span> <span class='ocrx_word' id='word_1_10' title='bbox 717 538 1063 623; x_wconf 86' lang='lat' dir='ltr'><strong>publicum</strong></span> <span class='ocrx_word' id='word_1_11' title='bbox 1118 543 1540 622; x_wconf 70' lang='lat' dir='ltr'><strong>erumperet,⁰</strong></span> <span class='ocrx_word' id='word_1_12' title='bbox 1588 533 2053 603; x_wconf 69' lang='lat' dir='ltr'><strong>metuebatur!</strong></span> <span class='ocrx_word' id='word_1_13' title='bbox 2135 536 2286 602; x_wconf 90' lang='lat' dir='ltr'><strong>Nec</strong></span> <span class='ocrx_word' id='word_1_14' title='bbox 2337 542 2494 602; x_wconf 87' lang='lat' dir='ltr'><strong>ante</strong></span> <span class='ocrx_word' id='word_1_15' title='bbox 2543 541 2747 608; x_wconf 86' lang='lat' dir='ltr'><strong>omis-</strong></span> 
     </span>
    </p>
   </div>
   <div class='ocr_carea' id='block_1_5' title="bbox 522 691 2754 770">
    <p class='ocr_par' dir='ltr' id='par_1_5' title="bbox 522 691 2754 770">
     <span class='ocr_line' id='line_1_5' title="bbox 522 691 2754 770; baseline 0 -14"><span class='ocrx_word' id='word_1_16' title='bbox 522 706 913 767; x_wconf 74' lang='lat' dir='ltr'><strong>contemneretur,</strong></span> <span class='ocrx_word' id='word_1_17' title='bbox 948 704 1223 769; x_wconf 84' lang='lat' dir='ltr'><strong>timebant,</strong></span> <span class='ocrx_word' id='word_1_18' title='bbox 1259 721 1320 755; x_wconf 80' lang='lat' dir='ltr'><strong>ne</strong></span> <span class='ocrx_word' id='word_1_19' title='bbox 1341 706 1393 754; x_wconf 79' lang='lat' dir='ltr'><strong>in</strong></span> <span class='ocrx_word' id='word_1_20' title='bbox 1415 706 1623 755; x_wconf 74' lang='lat' dir='ltr'><strong>exitium</strong></span> <span class='ocrx_word' id='word_1_21' title='bbox 1647 705 1851 770; x_wconf 74' lang='lat' dir='ltr'><strong>Reipub.</strong></span> <span class='ocrx_word' id='word_1_22' title='bbox 1876 705 2061 755; x_wconf 77' lang='lat' dir='ltr'><strong>exiret.-</strong></span> <span class='ocrx_word' id='word_1_23' title='bbox 2096 720 2181 755; x_wconf 73' lang='lat' dir='ltr'><strong>nec</strong></span> <span class='ocrx_word' id='word_1_24' title='bbox 2210 705 2346 769; x_wconf 63' lang='lat' dir='ltr'><strong>prius</strong></span> <span class='ocrx_word' id='word_1_25' title='bbox 2363 707 2579 756; x_wconf 70' lang='lat' dir='ltr'><strong>camari</strong></span> <span class='ocrx_word' id='word_1_26' title='bbox 2607 691 2754 758; x_wconf 70' lang='lat' dir='ltr'><strong>desie-</strong></span> 
     </span>
    </p>
   </div>
   <div class='ocr_carea' id='block_1_6' title="bbox 1536 866 1754 918">
    <p class='ocr_par' dir='ltr' id='par_1_6' title="bbox 1536 866 1754 918">
     <span class='ocr_line' id='line_1_6' title="bbox 1536 866 1754 918; baseline 0 -1"><span class='ocrx_word' id='word_1_27' title='bbox 1536 866 1754 918; x_wconf 79' lang='lat' dir='ltr'><strong>NOTAE</strong></span> 
     </span>
    </p>
   </div>
   <div class='ocr_carea' id='block_1_7' title="bbox 521 981 1597 1733">
    <p class='ocr_par' dir='ltr' id='par_1_7' title="bbox 525 981 1139 1033">
     <span class='ocr_line' id='line_1_7' title="bbox 525 981 1139 1033; baseline 0 0"><span class='ocrx_word' id='word_1_28' title='bbox 525 981 707 1033; x_wconf 76' lang='lat' dir='ltr'><strong>suasit.</strong></span> <span class='ocrx_word' id='word_1_29' title='bbox 772 982 1139 1033; x_wconf 69' lang='lat' dir='ltr'><strong><em>Freinshemius.</em></strong></span> 
     </span>
    </p>

    <p class='ocr_par' dir='ltr' id='par_1_8' title="bbox 521 1057 1597 1733">
     <span class='ocr_line' id='line_1_8' title="bbox 594 1057 1597 1121; baseline -0.001 -14"><span class='ocrx_word' id='word_1_30' title='bbox 594 1058 727 1114; x_wconf 75' lang='lat' dir='ltr'><strong>Quin</strong></span> <span class='ocrx_word' id='word_1_31' title='bbox 761 1062 810 1107; x_wconf 80' lang='lat' dir='ltr'><strong>et</strong></span> <span class='ocrx_word' id='word_1_32' title='bbox 847 1058 1094 1121; x_wconf 72' lang='lat' dir='ltr'><strong>incestum]</strong></span> <span class='ocrx_word' id='word_1_33' title='bbox 1151 1058 1394 1109; x_wconf 86' lang='lat' dir='ltr'><strong>Nondum</strong></span> <span class='ocrx_word' id='word_1_34' title='bbox 1418 1057 1435 1086; x_wconf 91' lang='lat'>‘</span> <span class='ocrx_word' id='word_1_35' title='bbox 1458 1058 1597 1107; x_wconf 89' lang='lat' dir='ltr'><strong>cele·</strong></span> 
     </span>
     <span class='ocr_line' id='line_1_9' title="bbox 525 1133 1595 1197; baseline -0.002 -13"><span class='ocrx_word' id='word_1_36' title='bbox 525 1133 681 1184; x_wconf 78' lang='lat' dir='ltr'><strong>brare</strong></span> <span class='ocrx_word' id='word_1_37' title='bbox 708 1135 941 1183; x_wconf 76' lang='lat' dir='ltr'>solennia</span> <span class='ocrx_word' id='word_1_38' title='bbox 978 1134 1279 1197; x_wconf 80' lang='lat' dir='ltr'><strong>nuptiarum</strong></span> <span class='ocrx_word' id='word_1_39' title='bbox 1314 1134 1595 1197; x_wconf 80' lang='lat' dir='ltr'><strong>audebant,</strong></span> 
     </span>
     <span class='ocr_line' id='line_1_10' title="bbox 523 1207 1593 1276; baseline 0 -16"><span class='ocrx_word' id='word_1_40' title='bbox 523 1210 668 1260; x_wconf 85' lang='lat' dir='ltr'><strong>nullo</strong></span> <span class='ocrx_word' id='word_1_41' title='bbox 686 1207 958 1273; x_wconf 62' lang='lat' dir='ltr'><strong>exemplo?</strong></span> <span class='ocrx_word' id='word_1_42' title='bbox 1003 1211 1140 1261; x_wconf 82' lang='lat' dir='ltr'><strong>Quin</strong></span> <span class='ocrx_word' id='word_1_43' title='bbox 1159 1216 1215 1259; x_wconf 90' lang='lat' dir='ltr'><strong>et</strong></span> <span class='ocrx_word' id='word_1_44' title='bbox 1238 1211 1365 1259; x_wconf 83' lang='lat' dir='ltr'><strong>tales</strong></span> <span class='ocrx_word' id='word_1_45' title='bbox 1383 1211 1593 1276; x_wconf 81' lang='lat' dir='ltr'><strong>nuptias</strong></span> 
     </span>
     <span class='ocr_line' id='line_1_11' title="bbox 526 1287 1593 1352; baseline -0.002 -14"><span class='ocrx_word' id='word_1_46' title='bbox 526 1287 864 1349; x_wconf 82' lang='lat' dir='ltr'><strong>celebrando,</strong></span> <span class='ocrx_word' id='word_1_47' title='bbox 879 1288 1183 1337; x_wconf 83' lang='lat' dir='ltr'><strong>metuebant</strong></span> <span class='ocrx_word' id='word_1_48' title='bbox 1204 1287 1458 1338; x_wconf 87' lang='lat' dir='ltr'><strong>incestum</strong></span> <span class='ocrx_word' id='word_1_49' title='bbox 1478 1303 1593 1352; x_wconf 88' lang='lat' dir='ltr'><strong>per·</strong></span> 
     </span>
     <span class='ocr_line' id='line_1_12' title="bbox 524 1362 1594 1427; baseline 0.003 -16"><span class='ocrx_word' id='word_1_50' title='bbox 524 1369 752 1426; x_wconf 86' lang='lat' dir='ltr'><strong>petrare.</strong></span> <span class='ocrx_word' id='word_1_51' title='bbox 820 1362 900 1413; x_wconf 89' lang='lat' dir='ltr'><strong>Ac</strong></span> <span class='ocrx_word' id='word_1_52' title='bbox 924 1365 965 1412; x_wconf 86' lang='lat' dir='ltr'><strong>si</strong></span> <span class='ocrx_word' id='word_1_53' title='bbox 991 1363 1097 1413; x_wconf 90' lang='lat' dir='ltr'><strong>tale</strong></span> <span class='ocrx_word' id='word_1_54' title='bbox 1119 1362 1368 1426; x_wconf 86' lang='lat' dir='ltr'><strong>flagitium</strong></span> <span class='ocrx_word' id='word_1_55' title='bbox 1402 1379 1594 1427; x_wconf 69' lang='lat' dir='ltr'><strong>apeme·</strong></span> 
     </span>
     <span class='ocr_line' id='line_1_13' title="bbox 522 1441 1593 1504; baseline 0.003 -18"><span class='ocrx_word' id='word_1_56' title='bbox 522 1445 675 1502; x_wconf 78' lang='lat' dir='ltr'><strong>retur,</strong></span> <span class='ocrx_word' id='word_1_57' title='bbox 695 1441 747 1488; x_wconf 93' lang='lat' dir='ltr'><strong>id</strong></span> <span class='ocrx_word' id='word_1_58' title='bbox 765 1446 866 1499; x_wconf 88' lang='lat' dir='ltr'><strong>est,</strong></span> <span class='ocrx_word' id='word_1_59' title='bbox 876 1441 919 1489; x_wconf 88' lang='lat' dir='ltr'><strong>si</strong></span> <span class='ocrx_word' id='word_1_60' title='bbox 936 1447 1331 1504; x_wconf 82' lang='lat' dir='ltr'><strong>perpetraretur</strong></span> <span class='ocrx_word' id='word_1_61' title='bbox 1347 1441 1593 1504; x_wconf 72' lang='lat' dir='ltr'><strong>incestum,</strong></span> 
     </span>
     <span class='ocr_line' id='line_1_14' title="bbox 525 1517 1597 1581; baseline 0 -15"><span class='ocrx_word' id='word_1_62' title='bbox 525 1517 847 1581; x_wconf 86' lang='lat' dir='ltr'><strong>metuebant,</strong></span> <span class='ocrx_word' id='word_1_63' title='bbox 885 1532 950 1566; x_wconf 87' lang='lat' dir='ltr'><strong>ne</strong></span> <span class='ocrx_word' id='word_1_64' title='bbox 977 1520 1082 1567; x_wconf 88' lang='lat' dir='ltr'><strong>tale</strong></span> <span class='ocrx_word' id='word_1_65' title='bbox 1112 1517 1312 1567; x_wconf 86' lang='lat' dir='ltr'><strong>facinus</strong></span> <span class='ocrx_word' id='word_1_66' title='bbox 1339 1518 1597 1581; x_wconf 87' lang='lat' dir='ltr'><strong>principis</strong></span> 
     </span>
     <span class='ocr_line' id='line_1_15' title="bbox 521 1593 1592 1658; baseline 0.002 -17"><span class='ocrx_word' id='word_1_67' title='bbox 521 1593 576 1642; x_wconf 87' lang='lat' dir='ltr'><strong>in</strong></span> <span class='ocrx_word' id='word_1_68' title='bbox 608 1593 798 1643; x_wconf 87' lang='lat' dir='ltr'><strong>malum</strong></span> <span class='ocrx_word' id='word_1_69' title='bbox 849 1593 1057 1657; x_wconf 87' lang='lat' dir='ltr'><strong>aliquod</strong></span> <span class='ocrx_word' id='word_1_70' title='bbox 1104 1594 1370 1658; x_wconf 89' lang='lat' dir='ltr'><strong>publicum</strong></span> <span class='ocrx_word' id='word_1_71' title='bbox 1421 1597 1592 1644; x_wconf 80' lang='lat' dir='ltr'><strong>erum-</strong></span> 
     </span>
     <span class='ocr_line' id='line_1_16' title="bbox 531 1674 703 1733; baseline 0.006 -16"><span class='ocrx_word' id='word_1_72' title='bbox 531 1674 703 1733; x_wconf 87' lang='lat' dir='ltr'><strong>peret.</strong></span> 
     </span>
    </p>
   </div>
   <div class='ocr_carea' id='block_1_8' title="bbox 1673 979 2752 1732">
    <p class='ocr_par' dir='ltr' id='par_1_9' title="bbox 1673 979 2752 1348">
     <span class='ocr_line' id='line_1_17' title="bbox 1676 979 2747 1044; baseline 0.002 -15"><span class='ocrx_word' id='word_1_73' title='bbox 1676 979 1878 1044; x_wconf 54' lang='lat' dir='ltr'><strong>nuptiae</strong></span> <span class='ocrx_word' id='word_1_74' title='bbox 1902 981 2058 1029; x_wconf 86' lang='lat' dir='ltr'><strong>etiam</strong></span> <span class='ocrx_word' id='word_1_75' title='bbox 2081 979 2133 1028; x_wconf 91' lang='lat' dir='ltr'><strong>in</strong></span> <span class='ocrx_word' id='word_1_76' title='bbox 2158 984 2428 1042; x_wconf 79' lang='lat' dir='ltr'><strong>posterum</strong></span> <span class='ocrx_word' id='word_1_77' title='bbox 2457 985 2747 1032; x_wconf 80' lang='lat' dir='ltr'><strong>statueren-</strong></span> 
     </span>
     <span class='ocr_line' id='line_1_18' title="bbox 1675 1056 2748 1119; baseline 0.002 -15"><span class='ocrx_word' id='word_1_78' title='bbox 1675 1061 1774 1105; x_wconf 85' lang='lat' dir='ltr'><strong>tur.</strong></span> <span class='ocrx_word' id='word_1_79' title='bbox 1841 1056 2029 1119; x_wconf 87' lang='lat' dir='ltr'><strong>Neque</strong></span> <span class='ocrx_word' id='word_1_80' title='bbox 2054 1061 2232 1103; x_wconf 89' lang='lat' dir='ltr'><strong>tamen</strong></span> <span class='ocrx_word' id='word_1_81' title='bbox 2258 1062 2494 1118; x_wconf 87' lang='lat' dir='ltr'><strong>repertus</strong></span> <span class='ocrx_word' id='word_1_82' title='bbox 2513 1065 2613 1118; x_wconf 86' lang='lat' dir='ltr'><strong>est,</strong></span> <span class='ocrx_word' id='word_1_83' title='bbox 2646 1057 2748 1107; x_wconf 81' lang='lat' dir='ltr'><strong>nisi</strong></span> 
     </span>
     <span class='ocr_line' id='line_1_19' title="bbox 1673 1131 2747 1195; baseline 0.005 -16"><span class='ocrx_word' id='word_1_84' title='bbox 1673 1144 1803 1179; x_wconf 86' lang='lat' dir='ltr'><strong>unus</strong></span> <span class='ocrx_word' id='word_1_85' title='bbox 1851 1131 1967 1179; x_wconf 88' lang='lat' dir='ltr'><strong>talis</strong></span> <span class='ocrx_word' id='word_1_86' title='bbox 2014 1131 2328 1180; x_wconf 80' lang='lat' dir='ltr'><strong>matrimonii</strong></span> <span class='ocrx_word' id='word_1_87' title='bbox 2370 1132 2598 1195; x_wconf 89' lang='lat' dir='ltr'><strong>cupitor,</strong></span> <span class='ocrx_word' id='word_1_88' title='bbox 2643 1133 2747 1185; x_wconf 68' lang='lat' dir='ltr'><strong>dte.</strong></span> 
     </span>
     <span class='ocr_line' id='line_1_20' title="bbox 1676 1205 2752 1271; baseline 0.002 -16"><span class='ocrx_word' id='word_1_89' title='bbox 1676 1221 1827 1271; x_wconf 88' lang='lat' dir='ltr'><strong>quem</strong></span> <span class='ocrx_word' id='word_1_90' title='bbox 1852 1205 2088 1271; x_wconf 84' lang='lat' dir='ltr'><strong>plerique</strong></span> <span class='ocrx_word' id='word_1_91' title='bbox 2111 1205 2416 1270; x_wconf 61' lang='lat' dir='ltr'><strong>Agrippinae</strong></span> <span class='ocrx_word' id='word_1_92' title='bbox 2451 1209 2625 1271; x_wconf 86' lang='lat' dir='ltr'><strong>gratia</strong></span> <span class='ocrx_word' id='word_1_93' title='bbox 2654 1208 2752 1258; x_wconf 84' lang='lat' dir='ltr'><strong>im·-</strong></span> 
     </span>
     <span class='ocr_line' id='line_1_21' title="bbox 1676 1283 2175 1348; baseline 0 -15"><span class='ocrx_word' id='word_1_94' title='bbox 1676 1285 1881 1348; x_wconf 86' lang='lat' dir='ltr'><strong>pulsum</strong></span> <span class='ocrx_word' id='word_1_95' title='bbox 1903 1283 2175 1334; x_wconf 67' lang='lat' dir='ltr'><strong>ferebant!</strong></span> 
     </span>
    </p>

    <p class='ocr_par' dir='ltr' id='par_1_10' title="bbox 1675 1359 2748 1732">
     <span class='ocr_line' id='line_1_22' title="bbox 1739 1359 2748 1425; baseline 0 -14"><span class='ocrx_word' id='word_1_96' title='bbox 1739 1368 1763 1394; x_wconf 73' lang='lat' dir='ltr'><strong>e</strong></span> <span class='ocrx_word' id='word_1_97' title='bbox 1795 1363 1873 1411; x_wconf 83' lang='lat' dir='ltr'><strong>Ne</strong></span> <span class='ocrx_word' id='word_1_98' title='bbox 1896 1362 1947 1410; x_wconf 77' lang='lat' dir='ltr'><strong>in</strong></span> <span class='ocrx_word' id='word_1_99' title='bbox 1985 1362 2158 1409; x_wconf 81' lang='lat' dir='ltr'><strong>malum</strong></span> <span class='ocrx_word' id='word_1_100' title='bbox 2192 1361 2427 1424; x_wconf 76' lang='lat' dir='ltr'><strong>publicum</strong></span> <span class='ocrx_word' id='word_1_101' title='bbox 2461 1359 2748 1425; x_wconf 78' lang='lat' dir='ltr'><strong>erumperet]</strong></span> 
     </span>
     <span class='ocr_line' id='line_1_23' title="bbox 1675 1438 2747 1501; baseline 0.001 -13"><span class='ocrx_word' id='word_1_102' title='bbox 1675 1439 1924 1501; x_wconf 89' lang='lat' dir='ltr'><strong>Vertunt,</strong></span> <span class='ocrx_word' id='word_1_103' title='bbox 1946 1452 2013 1487; x_wconf 91' lang='lat' dir='ltr'><strong>ne</strong></span> <span class='ocrx_word' id='word_1_104' title='bbox 2030 1438 2121 1487; x_wconf 87' lang='lat' dir='ltr'><strong>Dii</strong></span> <span class='ocrx_word' id='word_1_105' title='bbox 2143 1439 2297 1487; x_wconf 84' lang='lat' dir='ltr'><strong>talem</strong></span> <span class='ocrx_word' id='word_1_106' title='bbox 2321 1438 2577 1488; x_wconf 85' lang='lat' dir='ltr'><strong>incestum</strong></span> <span class='ocrx_word' id='word_1_107' title='bbox 2594 1438 2747 1489; x_wconf 84' lang='lat' dir='ltr'><strong>clade</strong></span> 
     </span>
     <span class='ocr_line' id='line_1_24' title="bbox 1676 1513 2747 1578; baseline 0.001 -15"><span class='ocrx_word' id='word_1_108' title='bbox 1676 1514 1902 1577; x_wconf 88' lang='lat' dir='ltr'><strong>Reipub.</strong></span> <span class='ocrx_word' id='word_1_109' title='bbox 1958 1513 2302 1563; x_wconf 88' lang='lat' dir='ltr'><strong>vindicarent.</strong></span> <span class='ocrx_word' id='word_1_110' title='bbox 2381 1516 2543 1564; x_wconf 80' lang='lat' dir='ltr'><strong>Certe</strong></span> <span class='ocrx_word' id='word_1_111' title='bbox 2598 1519 2747 1578; x_wconf 87' lang='lat' dir='ltr'><strong>puto,</strong></span> 
     </span>
     <span class='ocr_line' id='line_1_25' title="bbox 1676 1589 2747 1655; baseline 0.001 -16"><span class='ocrx_word' id='word_1_112' title='bbox 1676 1604 1846 1655; x_wconf 89' lang='lat' dir='ltr'><strong>neque</strong></span> <span class='ocrx_word' id='word_1_113' title='bbox 1886 1589 2193 1640; x_wconf 87' lang='lat' dir='ltr'><strong>metuebant</strong></span> <span class='ocrx_word' id='word_1_114' title='bbox 2232 1592 2429 1638; x_wconf 86' lang='lat' dir='ltr'><strong>ultores</strong></span> <span class='ocrx_word' id='word_1_115' title='bbox 2465 1589 2623 1652; x_wconf 90' lang='lat' dir='ltr'><strong>Deos,</strong></span> <span class='ocrx_word' id='word_1_116' title='bbox 2656 1604 2747 1640; x_wconf 83' lang='lat' dir='ltr'><strong>ne-</strong></span> 
     </span>
     <span class='ocr_line' id='line_1_26' title="bbox 1675 1667 2744 1732; baseline -0.001 -16"><span class='ocrx_word' id='word_1_117' title='bbox 1675 1682 1779 1732; x_wconf 85' lang='lat' dir='ltr'><strong>que</strong></span> <span class='ocrx_word' id='word_1_118' title='bbox 1819 1668 2103 1731; x_wconf 87' lang='lat' dir='ltr'><strong>perniciem</strong></span> <span class='ocrx_word' id='word_1_119' title='bbox 2127 1667 2349 1730; x_wconf 85' lang='lat' dir='ltr'><strong>Reipub.</strong></span> <span class='ocrx_word' id='word_1_120' title='bbox 2390 1681 2509 1715; x_wconf 90' lang='lat' dir='ltr'><strong>nam</strong></span> <span class='ocrx_word' id='word_1_121' title='bbox 2534 1672 2744 1730; x_wconf 86' lang='lat' dir='ltr'><strong>pactum</strong></span> 
     </span>
    </p>
   </div>
   <div class='ocr_carea' id='block_1_9' title="bbox 588 1741 2745 1808">
    <p class='ocr_par' dir='ltr' id='par_1_11' title="bbox 588 1741 2745 1808">
     <span class='ocr_line' id='line_1_27' title="bbox 588 1741 2745 1808; baseline -0.001 -14"><span class='ocrx_word' id='word_1_122' title='bbox 588 1745 886 1794; x_wconf 87' lang='lat' dir='ltr'><strong>Potuerunt</strong></span> <span class='ocrx_word' id='word_1_123' title='bbox 909 1744 1065 1806; x_wconf 83' lang='lat' dir='ltr'><strong>igitur</strong></span> <span class='ocrx_word' id='word_1_124' title='bbox 1085 1751 1337 1808; x_wconf 80' lang='lat' dir='ltr'><strong>metuere,</strong></span> <span class='ocrx_word' id='word_1_125' title='bbox 1356 1759 1460 1794; x_wconf 92' lang='lat' dir='ltr'><strong>non</strong></span> <span class='ocrx_word' id='word_1_126' title='bbox 1486 1754 1593 1795; x_wconf 49' lang='lat' dir='ltr'><strong>mo*</strong></span> <span class='ocrx_word' id='word_1_127' title='bbox 1663 1743 1776 1806; x_wconf 78' lang='lat' dir='ltr'><strong>jam</strong></span> <span class='ocrx_word' id='word_1_128' title='bbox 1809 1741 2173 1806; x_wconf 80' lang='lat' dir='ltr'><strong>firmatumque</strong></span> <span class='ocrx_word' id='word_1_129' title='bbox 2197 1743 2580 1792; x_wconf 86' lang='lat' dir='ltr'><strong>matrimonium</strong></span> <span class='ocrx_word' id='word_1_130' title='bbox 2604 1756 2745 1792; x_wconf 87' lang='lat' dir='ltr'><strong>amo-</strong></span> 
     </span>
    </p>
   </div>
   <div class='ocr_carea' id='block_1_10' title="bbox 514 1820 1594 4315">
    <p class='ocr_par' dir='ltr' id='par_1_12' title="bbox 521 1820 1594 2325">
     <span class='ocr_line' id='line_1_28' title="bbox 523 1820 1594 1884; baseline 0.003 -16"><span class='ocrx_word' id='word_1_131' title='bbox 523 1820 592 1869; x_wconf 88' lang='lat' dir='ltr'><strong>do</strong></span> <span class='ocrx_word' id='word_1_132' title='bbox 624 1820 752 1868; x_wconf 87' lang='lat' dir='ltr'><strong>iram</strong></span> <span class='ocrx_word' id='word_1_133' title='bbox 791 1834 856 1868; x_wconf 84' lang='lat' dir='ltr'><strong>ex</strong></span> <span class='ocrx_word' id='word_1_134' title='bbox 897 1820 1213 1883; x_wconf 84' lang='lat' dir='ltr'><strong>coelestibus,</strong></span> <span class='ocrx_word' id='word_1_135' title='bbox 1251 1821 1373 1884; x_wconf 85' lang='lat' dir='ltr'><strong>quia</strong></span> <span class='ocrx_word' id='word_1_136' title='bbox 1406 1829 1594 1884; x_wconf 84' lang='lat' dir='ltr'><strong>nempe</strong></span> 
     </span>
     <span class='ocr_line' id='line_1_29' title="bbox 523 1894 1594 1960; baseline 0.003 -16"><span class='ocrx_word' id='word_1_137' title='bbox 523 1896 643 1945; x_wconf 89' lang='lat' dir='ltr'><strong>olim</strong></span> <span class='ocrx_word' id='word_1_138' title='bbox 686 1896 812 1944; x_wconf 88' lang='lat' dir='ltr'><strong>talia</strong></span> <span class='ocrx_word' id='word_1_139' title='bbox 865 1894 1066 1960; x_wconf 84' lang='lat' dir='ltr'><strong>flagitia</strong></span> <span class='ocrx_word' id='word_1_140' title='bbox 1106 1911 1302 1946; x_wconf 88' lang='lat' dir='ltr'><strong>summa</strong></span> <span class='ocrx_word' id='word_1_141' title='bbox 1343 1897 1594 1959; x_wconf 83' lang='lat' dir='ltr'><strong>religione</strong></span> 
     </span>
     <span class='ocr_line' id='line_1_30' title="bbox 522 1973 1590 2038; baseline 0.001 -18"><span class='ocrx_word' id='word_1_142' title='bbox 522 1973 952 2034; x_wconf 85' lang='lat' dir='ltr'><strong>procurabantur,</strong></span> <span class='ocrx_word' id='word_1_143' title='bbox 984 1973 1146 2023; x_wconf 82' lang='lat' dir='ltr'><strong>veluti</strong></span> <span class='ocrx_word' id='word_1_144' title='bbox 1172 1973 1411 2038; x_wconf 84' lang='lat' dir='ltr'><strong>prodigia</strong></span> <span class='ocrx_word' id='word_1_145' title='bbox 1447 1988 1590 2022; x_wconf 87' lang='lat' dir='ltr'><strong>mon-</strong></span> 
     </span>
     <span class='ocr_line' id='line_1_31' title="bbox 524 2047 1594 2110; baseline 0 -14"><span class='ocrx_word' id='word_1_146' title='bbox 524 2052 754 2110; x_wconf 73' lang='lat' dir='ltr'><strong>atraque,</strong></span> <span class='ocrx_word' id='word_1_147' title='bbox 795 2047 888 2094; x_wconf 79' lang='lat' dir='ltr'><strong>sed</strong></span> <span class='ocrx_word' id='word_1_148' title='bbox 919 2048 1079 2096; x_wconf 87' lang='lat' dir='ltr'><strong>etiam</strong></span> <span class='ocrx_word' id='word_1_149' title='bbox 1102 2063 1169 2096; x_wconf 87' lang='lat' dir='ltr'><strong>ex</strong></span> <span class='ocrx_word' id='word_1_150' title='bbox 1202 2048 1491 2097; x_wconf 86' lang='lat' dir='ltr'><strong>hominibus</strong></span> <span class='ocrx_word' id='word_1_151' title='bbox 1528 2049 1594 2096; x_wconf 90' lang='lat' dir='ltr'><strong>ti-</strong></span> 
     </span>
     <span class='ocr_line' id='line_1_32' title="bbox 521 2121 1593 2186; baseline -0.002 -13"><span class='ocrx_word' id='word_1_152' title='bbox 521 2137 666 2173; x_wconf 87' lang='lat' dir='ltr'><strong>mere</strong></span> <span class='ocrx_word' id='word_1_153' title='bbox 698 2128 944 2185; x_wconf 89' lang='lat' dir='ltr'><strong>poterant</strong></span> <span class='ocrx_word' id='word_1_154' title='bbox 966 2124 1155 2171; x_wconf 89' lang='lat' dir='ltr'><strong>malum</strong></span> <span class='ocrx_word' id='word_1_155' title='bbox 1182 2122 1387 2186; x_wconf 87' lang='lat' dir='ltr'><strong>aliquod</strong></span> <span class='ocrx_word' id='word_1_156' title='bbox 1423 2121 1593 2186; x_wconf 89' lang='lat' dir='ltr'><strong>publi-</strong></span> 
     </span>
     <span class='ocr_line' id='line_1_33' title="bbox 523 2197 1594 2261; baseline -0.001 -14"><span class='ocrx_word' id='word_1_157' title='bbox 523 2213 658 2247; x_wconf 88' lang='lat' dir='ltr'><strong>cum.</strong></span> <span class='ocrx_word' id='word_1_158' title='bbox 700 2197 881 2247; x_wconf 85' lang='lat' dir='ltr'><strong>Habes</strong></span> <span class='ocrx_word' id='word_1_159' title='bbox 897 2197 1061 2247; x_wconf 87' lang='lat' dir='ltr'><strong>simile</strong></span> <span class='ocrx_word' id='word_1_160' title='bbox 1076 2197 1263 2246; x_wconf 79' lang='lat' dir='ltr'><strong>incesti</strong></span> <span class='ocrx_word' id='word_1_161' title='bbox 1281 2198 1594 2261; x_wconf 81' lang='lat' dir='ltr'><strong>exemplum,</strong></span> 
     </span>
     <span class='ocr_line' id='line_1_34' title="bbox 523 2274 1300 2325; baseline 0.003 -2"><span class='ocrx_word' id='word_1_162' title='bbox 523 2279 582 2323; x_wconf 90' lang='lat' dir='ltr'><strong>et</strong></span> <span class='ocrx_word' id='word_1_163' title='bbox 605 2275 783 2323; x_wconf 84' lang='lat' dir='ltr'><strong>similis</strong></span> <span class='ocrx_word' id='word_1_164' title='bbox 807 2280 974 2323; x_wconf 87' lang='lat' dir='ltr'><strong>metus</strong></span> <span class='ocrx_word' id='word_1_165' title='bbox 997 2274 1051 2322; x_wconf 90' lang='lat' dir='ltr'><strong>in</strong></span> <span class='ocrx_word' id='word_1_166' title='bbox 1072 2275 1300 2325; x_wconf 87' lang='lat' dir='ltr'><strong>Nerone.</strong></span> 
     </span>
    </p>

    <p class='ocr_par' dir='ltr' id='par_1_13' title="bbox 521 2348 1593 3098">
     <span class='ocr_line' id='line_1_35' title="bbox 584 2348 1589 2401; baseline 0.002 -3"><span class='ocrx_word' id='word_1_167' title='bbox 584 2348 736 2399; x_wconf 81' lang='lat' dir='ltr'><strong>In‘fra</strong></span> <span class='ocrx_word' id='word_1_168' title='bbox 757 2349 794 2399; x_wconf 91' lang='lat' dir='ltr'><strong>l.</strong></span> <span class='ocrx_word' id='word_1_169' title='bbox 818 2362 935 2399; x_wconf 78' lang='lat' dir='ltr'><strong>xlv.</strong></span> <span class='ocrx_word' id='word_1_170' title='bbox 952 2354 1002 2398; x_wconf 78' lang='lat'><strong>2.</strong></span> <span class='ocrx_word' id='word_1_171' title='bbox 1026 2349 1250 2399; x_wconf 43' lang='lat' dir='ltr'><strong>&amp;Tradit</strong></span> <span class='ocrx_word' id='word_1_172' title='bbox 1272 2350 1484 2400; x_wconf 78' lang='lat' dir='ltr'><strong>Cluvius</strong></span> <span class='ocrx_word' id='word_1_173' title='bbox 1507 2366 1589 2401; x_wconf 90' lang='lat' dir='ltr'><strong>ar·</strong></span> 
     </span>
     <span class='ocr_line' id='line_1_36' title="bbox 521 2426 1593 2491; baseline -0.001 -12"><span class='ocrx_word' id='word_1_174' title='bbox 521 2427 647 2479; x_wconf 81' lang='lat' dir='ltr'><strong>dore</strong></span> <span class='ocrx_word' id='word_1_175' title='bbox 693 2426 980 2477; x_wconf 76' lang='lat' dir='ltr'><strong>retinendae</strong></span> <span class='ocrx_word' id='word_1_176' title='bbox 1024 2426 1363 2491; x_wconf 83' lang='lat' dir='ltr'><strong>Agrippinam</strong></span> <span class='ocrx_word' id='word_1_177' title='bbox 1410 2433 1593 2490; x_wconf 84' lang='lat' dir='ltr'><strong>poten-</strong></span> 
     </span>
     <span class='ocr_line' id='line_1_37' title="bbox 522 2504 1588 2567; baseline 0 -14"><span class='ocrx_word' id='word_1_178' title='bbox 522 2504 613 2554; x_wconf 79' lang='lat' dir='ltr'><strong>tiae</strong></span> <span class='ocrx_word' id='word_1_179' title='bbox 650 2518 711 2552; x_wconf 86' lang='lat' dir='ltr'><strong>eo</strong></span> <span class='ocrx_word' id='word_1_180' title='bbox 750 2517 909 2567; x_wconf 86' lang='lat' dir='ltr'><strong>usque</strong></span> <span class='ocrx_word' id='word_1_181' title='bbox 944 2509 1263 2565; x_wconf 84' lang='lat' dir='ltr'><strong>provectam,</strong></span> <span class='ocrx_word' id='word_1_182' title='bbox 1306 2508 1367 2552; x_wconf 90' lang='lat' dir='ltr'><strong>ut</strong></span> <span class='ocrx_word' id='word_1_183' title='bbox 1414 2504 1588 2554; x_wconf 87' lang='lat' dir='ltr'><strong>medio</strong></span> 
     </span>
     <span class='ocr_line' id='line_1_38' title="bbox 522 2577 1589 2642; baseline 0 -14"><span class='ocrx_word' id='word_1_184' title='bbox 522 2579 647 2642; x_wconf 84' lang='lat' dir='ltr'><strong>diei,</strong></span> <span class='ocrx_word' id='word_1_185' title='bbox 685 2592 801 2626; x_wconf 85' lang='lat' dir='ltr'><strong>cum</strong></span> <span class='ocrx_word' id='word_1_186' title='bbox 823 2578 878 2625; x_wconf 88' lang='lat' dir='ltr'><strong>id</strong></span> <span class='ocrx_word' id='word_1_187' title='bbox 917 2577 1163 2641; x_wconf 77' lang='lat' dir='ltr'><strong>temporis</strong></span> <span class='ocrx_word' id='word_1_188' title='bbox 1202 2578 1348 2626; x_wconf 89' lang='lat' dir='ltr'><strong>Nero</strong></span> <span class='ocrx_word' id='word_1_189' title='bbox 1386 2592 1482 2641; x_wconf 87' lang='lat' dir='ltr'><strong>per</strong></span> <span class='ocrx_word' id='word_1_190' title='bbox 1513 2579 1589 2628; x_wconf 82' lang='lat' dir='ltr'><strong>vi·</strong></span> 
     </span>
     <span class='ocr_line' id='line_1_39' title="bbox 523 2651 1590 2718; baseline 0.001 -14"><span class='ocrx_word' id='word_1_191' title='bbox 523 2670 648 2705; x_wconf 88' lang='lat' dir='ltr'><strong>num</strong></span> <span class='ocrx_word' id='word_1_192' title='bbox 671 2661 727 2703; x_wconf 91' lang='lat' dir='ltr'><strong>et</strong></span> <span class='ocrx_word' id='word_1_193' title='bbox 765 2654 945 2718; x_wconf 81' lang='lat' dir='ltr'><strong>epulas</strong></span> <span class='ocrx_word' id='word_1_194' title='bbox 979 2653 1341 2714; x_wconf 81' lang='lat' dir='ltr'><strong>incalesceret,</strong></span> <span class='ocrx_word' id='word_1_195' title='bbox 1375 2651 1590 2705; x_wconf 77' lang='lat' dir='ltr'><strong>offerret</strong></span> 
     </span>
     <span class='ocr_line' id='line_1_40' title="bbox 524 2729 1590 2794; baseline -0.002 -13"><span class='ocrx_word' id='word_1_196' title='bbox 524 2745 580 2781; x_wconf 85' lang='lat' dir='ltr'><strong>se</strong></span> <span class='ocrx_word' id='word_1_197' title='bbox 605 2732 794 2794; x_wconf 85' lang='lat' dir='ltr'><strong>saepius</strong></span> <span class='ocrx_word' id='word_1_198' title='bbox 830 2729 1116 2778; x_wconf 88' lang='lat' dir='ltr'><strong>temulento</strong></span> <span class='ocrx_word' id='word_1_199' title='bbox 1150 2734 1392 2791; x_wconf 75' lang='lat' dir='ltr'><strong>comtum,</strong></span> <span class='ocrx_word' id='word_1_200' title='bbox 1427 2735 1483 2778; x_wconf 91' lang='lat' dir='ltr'><strong>et</strong></span> <span class='ocrx_word' id='word_1_201' title='bbox 1517 2730 1590 2779; x_wconf 85' lang='lat' dir='ltr'><strong>in-</strong></span> 
     </span>
     <span class='ocr_line' id='line_1_41' title="bbox 523 2807 1587 2871; baseline -0.002 -13"><span class='ocrx_word' id='word_1_202' title='bbox 523 2813 672 2858; x_wconf 85' lang='lat' dir='ltr'><strong>cesto</strong></span> <span class='ocrx_word' id='word_1_203' title='bbox 692 2814 943 2871; x_wconf 83' lang='lat' dir='ltr'><strong>paratam,</strong></span> <span class='ocrx_word' id='word_1_204' title='bbox 962 2810 1064 2855; x_wconf 64' lang='lat' dir='ltr'><strong>&amp;m</strong></span> <span class='ocrx_word' id='word_1_205' title='bbox 1089 2807 1447 2870; x_wconf 79' lang='lat' dir='ltr'><strong>pervulgatum</strong></span> <span class='ocrx_word' id='word_1_206' title='bbox 1472 2818 1587 2856; x_wconf 77' lang='lat' dir='ltr'><strong>esse</strong></span> 
     </span>
     <span class='ocr_line' id='line_1_42' title="bbox 523 2881 1589 2945; baseline -0.001 -14"><span class='ocrx_word' id='word_1_207' title='bbox 523 2884 777 2932; x_wconf 86' lang='lat' dir='ltr'><strong>incestum</strong></span> <span class='ocrx_word' id='word_1_208' title='bbox 818 2881 1067 2945; x_wconf 86' lang='lat' dir='ltr'><strong>gloriante</strong></span> <span class='ocrx_word' id='word_1_209' title='bbox 1102 2886 1289 2943; x_wconf 88' lang='lat' dir='ltr'><strong>matre,</strong></span> <span class='ocrx_word' id='word_1_210' title='bbox 1327 2895 1425 2930; x_wconf 88' lang='lat' dir='ltr'><strong>nec</strong></span> <span class='ocrx_word' id='word_1_211' title='bbox 1461 2883 1589 2930; x_wconf 85' lang='lat' dir='ltr'><strong>tole·</strong></span> 
     </span>
     <span class='ocr_line' id='line_1_43' title="bbox 521 2955 1587 3021; baseline 0.001 -14"><span class='ocrx_word' id='word_1_212' title='bbox 521 2964 724 3007; x_wconf 84' lang='lat' dir='ltr'><strong>raturos</strong></span> <span class='ocrx_word' id='word_1_213' title='bbox 745 2958 935 3006; x_wconf 87' lang='lat' dir='ltr'><strong>milites</strong></span> <span class='ocrx_word' id='word_1_214' title='bbox 967 2955 1168 3020; x_wconf 82' lang='lat' dir='ltr'><strong>profani</strong></span> <span class='ocrx_word' id='word_1_215' title='bbox 1207 2958 1457 3021; x_wconf 85' lang='lat' dir='ltr'><strong>principis</strong></span> <span class='ocrx_word' id='word_1_216' title='bbox 1493 2960 1587 3008; x_wconf 87' lang='lat' dir='ltr'><strong>im-</strong></span> 
     </span>
     <span class='ocr_line' id='line_1_44' title="bbox 522 3033 764 3098; baseline -0.008 -15"><span class='ocrx_word' id='word_1_217' title='bbox 522 3033 764 3098; x_wconf 57' lang='lat' dir='ltr'><strong>perium?</strong></span> 
     </span>
    </p>

    <p class='ocr_par' dir='ltr' id='par_1_14' title="bbox 521 3103 1588 3781">
     <span class='ocr_line' id='line_1_45' title="bbox 588 3103 1588 3173; baseline 0.002 -14"><span class='ocrx_word' id='word_1_218' title='bbox 588 3109 817 3159; x_wconf 85' lang='lat' dir='ltr'><strong>Similem</strong></span> <span class='ocrx_word' id='word_1_219' title='bbox 847 3109 1068 3173; x_wconf 87' lang='lat' dir='ltr'><strong>aliquam</strong></span> <span class='ocrx_word' id='word_1_220' title='bbox 1091 3110 1370 3173; x_wconf 79' lang='lat' dir='ltr'><strong>perniciem</strong></span> <span class='ocrx_word' id='word_1_221' title='bbox 1392 3103 1588 3162; x_wconf 80' lang='lat' dir='ltr'><strong>metue·-</strong></span> 
     </span>
     <span class='ocr_line' id='line_1_46' title="bbox 521 3183 1585 3248; baseline 0.001 -12"><span class='ocrx_word' id='word_1_222' title='bbox 521 3187 651 3236; x_wconf 83' lang='lat' dir='ltr'><strong>bant</strong></span> <span class='ocrx_word' id='word_1_223' title='bbox 667 3184 914 3236; x_wconf 86' lang='lat' dir='ltr'><strong>Claudius</strong></span> <span class='ocrx_word' id='word_1_224' title='bbox 937 3194 993 3234; x_wconf 90' lang='lat' dir='ltr'><strong>et</strong></span> <span class='ocrx_word' id='word_1_225' title='bbox 1012 3183 1331 3248; x_wconf 78' lang='lat' dir='ltr'><strong>Agrippiua3</strong></span> <span class='ocrx_word' id='word_1_226' title='bbox 1365 3192 1419 3235; x_wconf 87' lang='lat' dir='ltr'><strong>et</strong></span> <span class='ocrx_word' id='word_1_227' title='bbox 1440 3193 1585 3237; x_wconf 87' lang='lat' dir='ltr'><strong>certe</strong></span> 
     </span>
     <span class='ocr_line' id='line_1_47' title="bbox 524 3262 1585 3326; baseline -0.001 -13"><span class='ocrx_word' id='word_1_228' title='bbox 524 3263 687 3314; x_wconf 77' lang='lat' dir='ltr'><strong>sinon</strong></span> <span class='ocrx_word' id='word_1_229' title='bbox 725 3262 900 3311; x_wconf 85' lang='lat' dir='ltr'><strong>invisae</strong></span> <span class='ocrx_word' id='word_1_230' title='bbox 924 3270 979 3312; x_wconf 89' lang='lat' dir='ltr'><strong>et</strong></span> <span class='ocrx_word' id='word_1_231' title='bbox 1019 3263 1240 3326; x_wconf 60' lang='lat' dir='ltr'><strong>ingratae</strong></span> <span class='ocrx_word' id='word_1_232' title='bbox 1276 3262 1585 3326; x_wconf 86' lang='lat' dir='ltr'><strong>primoribus</strong></span> 
     </span>
     <span class='ocr_line' id='line_1_48' title="bbox 523 3337 1588 3401; baseline 0 -13"><span class='ocrx_word' id='word_1_233' title='bbox 523 3339 853 3389; x_wconf 83' lang='lat' dir='ltr'><strong>adulatorum</strong></span> <span class='ocrx_word' id='word_1_234' title='bbox 873 3339 954 3387; x_wconf 82' lang='lat' dir='ltr'><strong>hae</strong></span> <span class='ocrx_word' id='word_1_235' title='bbox 977 3339 1171 3401; x_wconf 85' lang='lat' dir='ltr'><strong>nuptiae</strong></span> <span class='ocrx_word' id='word_1_236' title='bbox 1193 3337 1421 3401; x_wconf 88' lang='lat' dir='ltr'><strong>fuerunt,</strong></span> <span class='ocrx_word' id='word_1_237' title='bbox 1437 3344 1588 3388; x_wconf 85' lang='lat' dir='ltr'><strong>certe</strong></span> 
     </span>
     <span class='ocr_line' id='line_1_49' title="bbox 525 3415 1585 3480; baseline -0.001 -15"><span class='ocrx_word' id='word_1_238' title='bbox 525 3416 738 3480; x_wconf 79' lang='lat' dir='ltr'><strong>optimae</strong></span> <span class='ocrx_word' id='word_1_239' title='bbox 785 3423 839 3463; x_wconf 91' lang='lat' dir='ltr'><strong>et</strong></span> <span class='ocrx_word' id='word_1_240' title='bbox 883 3415 1102 3479; x_wconf 79' lang='lat' dir='ltr'><strong>integrae</strong></span> <span class='ocrx_word' id='word_1_241' title='bbox 1147 3416 1285 3478; x_wconf 86' lang='lat' dir='ltr'><strong>parti</strong></span> <span class='ocrx_word' id='word_1_242' title='bbox 1322 3415 1488 3478; x_wconf 86' lang='lat' dir='ltr'><strong>plebis</strong></span> <span class='ocrx_word' id='word_1_243' title='bbox 1527 3415 1585 3464; x_wconf 82' lang='lat' dir='ltr'><strong>et</strong></span> 
     </span>
     <span class='ocr_line' id='line_1_50' title="bbox 524 3492 1586 3556; baseline 0 -15"><span class='ocrx_word' id='word_1_244' title='bbox 524 3506 818 3556; x_wconf 81' lang='lat' dir='ltr'><strong>procerum,</strong></span> <span class='ocrx_word' id='word_1_245' title='bbox 873 3498 934 3541; x_wconf 88' lang='lat' dir='ltr'><strong>ut</strong></span> <span class='ocrx_word' id='word_1_246' title='bbox 977 3497 1123 3556; x_wconf 90' lang='lat' dir='ltr'><strong>puto,</strong></span> <span class='ocrx_word' id='word_1_247' title='bbox 1169 3507 1273 3542; x_wconf 93' lang='lat' dir='ltr'><strong>non</strong></span> <span class='ocrx_word' id='word_1_248' title='bbox 1310 3492 1586 3542; x_wconf 89' lang='lat' dir='ltr'><strong>admodum</strong></span> 
     </span>
     <span class='ocr_line' id='line_1_51' title="bbox 525 3566 1588 3631; baseline 0.001 -15"><span class='ocrx_word' id='word_1_249' title='bbox 525 3568 806 3631; x_wconf 81' lang='lat' dir='ltr'><strong>placuere3</strong></span> <span class='ocrx_word' id='word_1_250' title='bbox 840 3566 971 3616; x_wconf 89' lang='lat' dir='ltr'><strong>adeo</strong></span> <span class='ocrx_word' id='word_1_251' title='bbox 1016 3568 1168 3630; x_wconf 85' lang='lat' dir='ltr'><strong>pauci</strong></span> <span class='ocrx_word' id='word_1_252' title='bbox 1207 3568 1402 3631; x_wconf 84' lang='lat' dir='ltr'><strong>reperti</strong></span> <span class='ocrx_word' id='word_1_253' title='bbox 1446 3573 1588 3629; x_wconf 84' lang='lat' dir='ltr'><strong>sunt,</strong></span> 
     </span>
     <span class='ocr_line' id='line_1_52' title="bbox 523 3641 1587 3707; baseline 0.001 -18"><span class='ocrx_word' id='word_1_254' title='bbox 523 3641 615 3707; x_wconf 89' lang='lat' dir='ltr'><strong>qui</strong></span> <span class='ocrx_word' id='word_1_255' title='bbox 640 3644 767 3690; x_wconf 87' lang='lat' dir='ltr'><strong>tales</strong></span> <span class='ocrx_word' id='word_1_256' title='bbox 788 3642 1000 3705; x_wconf 83' lang='lat' dir='ltr'><strong>nuptias</strong></span> <span class='ocrx_word' id='word_1_257' title='bbox 1024 3642 1406 3704; x_wconf 64' lang='lat' dir='ltr'><strong>aemularentur,</strong></span> <span class='ocrx_word' id='word_1_258' title='bbox 1426 3643 1587 3691; x_wconf 86' lang='lat' dir='ltr'><strong>etiam</strong></span> 
     </span>
     <span class='ocr_line' id='line_1_53' title="bbox 525 3717 1067 3781; baseline 0 -15"><span class='ocrx_word' id='word_1_259' title='bbox 525 3732 638 3766; x_wconf 78' lang='lat' dir='ltr'><strong>aevo</strong></span> <span class='ocrx_word' id='word_1_260' title='bbox 662 3717 1067 3781; x_wconf 87' lang='lat' dir='ltr'><strong>corruptissimo.</strong></span> 
     </span>
    </p>

    <p class='ocr_par' dir='ltr' id='par_1_15' title="bbox 520 3793 1588 4161">
     <span class='ocr_line' id='line_1_54' title="bbox 590 3793 1588 3856; baseline 0.002 -14"><span class='ocrx_word' id='word_1_261' title='bbox 590 3793 713 3842; x_wconf 90' lang='lat' dir='ltr'><strong>Non</strong></span> <span class='ocrx_word' id='word_1_262' title='bbox 750 3798 920 3841; x_wconf 89' lang='lat' dir='ltr'><strong>autem</strong></span> <span class='ocrx_word' id='word_1_263' title='bbox 954 3793 1274 3856; x_wconf 88' lang='lat' dir='ltr'><strong>metuebant,</strong></span> <span class='ocrx_word' id='word_1_264' title='bbox 1311 3799 1371 3842; x_wconf 89' lang='lat' dir='ltr'><strong>ut</strong></span> <span class='ocrx_word' id='word_1_265' title='bbox 1404 3795 1588 3844; x_wconf 82' lang='lat' dir='ltr'><strong>volunt</strong></span> 
     </span>
     <span class='ocr_line' id='line_1_55' title="bbox 522 3866 1587 3933; baseline 0.002 -15"><span class='ocrx_word' id='word_1_266' title='bbox 522 3870 856 3933; x_wconf 81' lang='lat' dir='ltr'><strong>interpretes,</strong></span> <span class='ocrx_word' id='word_1_267' title='bbox 878 3880 944 3917; x_wconf 88' lang='lat' dir='ltr'><strong>ne</strong></span> <span class='ocrx_word' id='word_1_268' title='bbox 964 3870 1051 3918; x_wconf 84' lang='lat' dir='ltr'><strong>alii</strong></span> <span class='ocrx_word' id='word_1_269' title='bbox 1073 3868 1210 3918; x_wconf 89' lang='lat' dir='ltr'><strong>idem</strong></span> <span class='ocrx_word' id='word_1_270' title='bbox 1229 3866 1350 3933; x_wconf 80' lang='lat' dir='ltr'><strong>flagi</strong></span> <span class='ocrx_word' id='word_1_271' title='bbox 1358 3869 1482 3919; x_wconf 88' lang='lat' dir='ltr'><strong>tium</strong></span> <span class='ocrx_word' id='word_1_272' title='bbox 1500 3882 1587 3920; x_wconf 87' lang='lat' dir='ltr'><strong>au-</strong></span> 
     </span>
     <span class='ocr_line' id='line_1_56' title="bbox 522 3944 1585 4007; baseline 0.002 -15"><span class='ocrx_word' id='word_1_273' title='bbox 522 3945 730 4003; x_wconf 81' lang='lat' dir='ltr'><strong>derent,</strong></span> <span class='ocrx_word' id='word_1_274' title='bbox 762 3944 917 3992; x_wconf 88' lang='lat' dir='ltr'><strong>immo</strong></span> <span class='ocrx_word' id='word_1_275' title='bbox 942 3944 1006 3992; x_wconf 89' lang='lat' dir='ltr'><strong>ad</strong></span> <span class='ocrx_word' id='word_1_276' title='bbox 1026 3944 1107 3993; x_wconf 86' lang='lat' dir='ltr'><strong>sui</strong></span> <span class='ocrx_word' id='word_1_277' title='bbox 1127 3946 1423 4007; x_wconf 82' lang='lat' dir='ltr'><strong>exemplum</strong></span> <span class='ocrx_word' id='word_1_278' title='bbox 1457 3945 1585 3995; x_wconf 86' lang='lat' dir='ltr'><strong>alios</strong></span> 
     </span>
     <span class='ocr_line' id='line_1_57' title="bbox 520 4020 1586 4085; baseline 0.002 -17"><span class='ocrx_word' id='word_1_279' title='bbox 520 4021 775 4083; x_wconf 83' lang='lat' dir='ltr'><strong>impulere</strong></span> <span class='ocrx_word' id='word_1_280' title='bbox 799 4020 968 4082; x_wconf 80' lang='lat' dir='ltr'><strong>gratia</strong></span> <span class='ocrx_word' id='word_1_281' title='bbox 987 4026 1043 4069; x_wconf 90' lang='lat' dir='ltr'><strong>et</strong></span> <span class='ocrx_word' id='word_1_282' title='bbox 1067 4020 1398 4085; x_wconf 86' lang='lat' dir='ltr'><strong>auctoritate,</strong></span> <span class='ocrx_word' id='word_1_283' title='bbox 1418 4026 1476 4070; x_wconf 90' lang='lat' dir='ltr'><strong>et</strong></span> <span class='ocrx_word' id='word_1_284' title='bbox 1497 4021 1586 4070; x_wconf 87' lang='lat' dir='ltr'><strong>de-</strong></span> 
     </span>
     <span class='ocr_line' id='line_1_58' title="bbox 525 4095 1185 4161; baseline -0.002 -15"><span class='ocrx_word' id='word_1_285' title='bbox 525 4103 672 4146; x_wconf 83' lang='lat' dir='ltr'><strong>creto</strong></span> <span class='ocrx_word' id='word_1_286' title='bbox 694 4097 747 4144; x_wconf 89' lang='lat' dir='ltr'><strong>in</strong></span> <span class='ocrx_word' id='word_1_287' title='bbox 769 4096 823 4145; x_wconf 90' lang='lat' dir='ltr'><strong>id</strong></span> <span class='ocrx_word' id='word_1_288' title='bbox 845 4095 1003 4145; x_wconf 87' lang='lat' dir='ltr'><strong>facto.</strong></span> <span class='ocrx_word' id='word_1_289' title='bbox 1176 4157 1185 4161; x_wconf 21' lang='lat' dir='ltr'><strong>q</strong></span> 
     </span>
    </p>

    <p class='ocr_par' dir='ltr' id='par_1_16' title="bbox 514 4170 1588 4315">
     <span class='ocr_line' id='line_1_59' title="bbox 589 4170 1587 4238; baseline 0.001 -16"><span class='ocrx_word' id='word_1_290' title='bbox 589 4170 773 4222; x_wconf 79' lang='lat' dir='ltr'><strong>Infra:</strong></span> <span class='ocrx_word' id='word_1_291' title='bbox 840 4173 856 4201; x_wconf 91' lang='lat'>‘</span> <span class='ocrx_word' id='word_1_292' title='bbox 884 4171 1154 4222; x_wconf 89' lang='lat' dir='ltr'><strong>decretum</strong></span> <span class='ocrx_word' id='word_1_293' title='bbox 1203 4174 1429 4236; x_wconf 83' lang='lat' dir='ltr'><strong>postulat</strong></span> <span class='ocrx_word' id='word_1_294' title='bbox 1484 4187 1587 4238; x_wconf 87' lang='lat' dir='ltr'><strong>quo</strong></span> 
     </span>
     <span class='ocr_line' id='line_1_60' title="bbox 514 4247 1588 4315; baseline 0.001 -15"><span class='ocrx_word' id='word_1_295' title='bbox 514 4254 675 4313; x_wconf 77' lang='lat' dir='ltr'><strong>Justae</strong></span> <span class='ocrx_word' id='word_1_296' title='bbox 697 4250 837 4301; x_wconf 86' lang='lat' dir='ltr'><strong>inter</strong></span> <span class='ocrx_word' id='word_1_297' title='bbox 858 4254 1069 4314; x_wconf 81' lang='lat' dir='ltr'><strong>patruos</strong></span> <span class='ocrx_word' id='word_1_298' title='bbox 1089 4247 1416 4315; x_wconf 73' lang='lat' dir='ltr'><strong>fratrumque</strong></span> <span class='ocrx_word' id='word_1_299' title='bbox 1453 4248 1588 4301; x_wconf 78' lang='lat' dir='ltr'><strong>filias</strong></span> 
     </span>
    </p>
   </div>
   <div class='ocr_carea' id='block_1_11' title="bbox 1665 1817 2808 4312">
    <p class='ocr_par' dir='ltr' id='par_1_17' title="bbox 1673 1817 2746 2170">
     <span class='ocr_line' id='line_1_61' title="bbox 1675 1817 2744 1882; baseline 0.002 -16"><span class='ocrx_word' id='word_1_300' title='bbox 1675 1832 1732 1866; x_wconf 87' lang='lat' dir='ltr'><strong>re</strong></span> <span class='ocrx_word' id='word_1_301' title='bbox 1753 1818 1955 1867; x_wconf 87' lang='lat' dir='ltr'><strong>incesto</strong></span> <span class='ocrx_word' id='word_1_302' title='bbox 1975 1836 1990 1879; x_wconf 87' lang='lat'><strong>;</strong></span> <span class='ocrx_word' id='word_1_303' title='bbox 2015 1817 2106 1867; x_wconf 88' lang='lat' dir='ltr'><strong>sed</strong></span> <span class='ocrx_word' id='word_1_304' title='bbox 2130 1820 2296 1882; x_wconf 86' lang='lat' dir='ltr'><strong>palam</strong></span> <span class='ocrx_word' id='word_1_305' title='bbox 2321 1819 2588 1869; x_wconf 87' lang='lat' dir='ltr'><strong>celebrare</strong></span> <span class='ocrx_word' id='word_1_306' title='bbox 2611 1819 2744 1868; x_wconf 85' lang='lat' dir='ltr'><strong>tales</strong></span> 
     </span>
     <span class='ocr_line' id='line_1_62' title="bbox 1673 1891 2746 1957; baseline 0.003 -16"><span class='ocrx_word' id='word_1_307' title='bbox 1673 1895 1884 1957; x_wconf 85' lang='lat' dir='ltr'><strong>nuptias</strong></span> <span class='ocrx_word' id='word_1_308' title='bbox 1908 1894 2132 1944; x_wconf 88' lang='lat' dir='ltr'><strong>nondum</strong></span> <span class='ocrx_word' id='word_1_309' title='bbox 2168 1895 2450 1957; x_wconf 85' lang='lat' dir='ltr'><strong>audebant,</strong></span> <span class='ocrx_word' id='word_1_310' title='bbox 2489 1891 2746 1945; x_wconf 72' lang='lat' dir='ltr'><strong>timebant</strong></span> 
     </span>
     <span class='ocr_line' id='line_1_63' title="bbox 1673 1967 2744 2035; baseline 0.001 -17"><span class='ocrx_word' id='word_1_311' title='bbox 1673 1969 1846 2032; x_wconf 82' lang='lat' dir='ltr'><strong>potius</strong></span> <span class='ocrx_word' id='word_1_312' title='bbox 1886 1971 2133 2035; x_wconf 86' lang='lat' dir='ltr'><strong>populum</strong></span> <span class='ocrx_word' id='word_1_313' title='bbox 2178 1967 2451 2032; x_wconf 79' lang='lat' dir='ltr'><strong>vindicem,</strong></span> <span class='ocrx_word' id='word_1_314' title='bbox 2509 1974 2566 2019; x_wconf 89' lang='lat' dir='ltr'><strong>et</strong></span> <span class='ocrx_word' id='word_1_315' title='bbox 2605 1968 2744 2019; x_wconf 82' lang='lat' dir='ltr'><strong>forte</strong></span> 
     </span>
     <span class='ocr_line' id='line_1_64' title="bbox 1673 2044 2745 2110; baseline 0.004 -18"><span class='ocrx_word' id='word_1_316' title='bbox 1673 2045 1882 2108; x_wconf 78' lang='lat' dir='ltr'><strong>milites,</strong></span> <span class='ocrx_word' id='word_1_317' title='bbox 1915 2059 1983 2093; x_wconf 88' lang='lat' dir='ltr'><strong>ne</strong></span> <span class='ocrx_word' id='word_1_318' title='bbox 2006 2046 2297 2110; x_wconf 77' lang='lat' dir='ltr'><strong>principem</strong></span> <span class='ocrx_word' id='word_1_319' title='bbox 2333 2044 2604 2109; x_wconf 85' lang='lat' dir='ltr'><strong>profanum</strong></span> <span class='ocrx_word' id='word_1_320' title='bbox 2627 2047 2745 2097; x_wconf 59' lang='lat' dir='ltr'><strong>hor»</strong></span> 
     </span>
     <span class='ocr_line' id='line_1_65' title="bbox 1673 2126 1868 2170; baseline 0.005 -1"><span class='ocrx_word' id='word_1_321' title='bbox 1673 2126 1868 2170; x_wconf 85' lang='lat' dir='ltr'><strong>rerent.</strong></span> 
     </span>
    </p>

    <p class='ocr_par' dir='ltr' id='par_1_18' title="bbox 1669 2195 2746 2868">
     <span class='ocr_line' id='line_1_66' title="bbox 1738 2195 2746 2261; baseline 0.001 -16"><span class='ocrx_word' id='word_1_322' title='bbox 1738 2195 1837 2245; x_wconf 89' lang='lat' dir='ltr'><strong>Vel</strong></span> <span class='ocrx_word' id='word_1_323' title='bbox 1859 2209 1926 2244; x_wconf 88' lang='lat' dir='ltr'><strong>ne</strong></span> <span class='ocrx_word' id='word_1_324' title='bbox 1953 2210 2017 2244; x_wconf 89' lang='lat' dir='ltr'><strong>eo</strong></span> <span class='ocrx_word' id='word_1_325' title='bbox 2042 2197 2284 2259; x_wconf 85' lang='lat' dir='ltr'><strong>exemplo</strong></span> <span class='ocrx_word' id='word_1_326' title='bbox 2318 2196 2572 2247; x_wconf 87' lang='lat' dir='ltr'><strong>incestum</strong></span> <span class='ocrx_word' id='word_1_327' title='bbox 2603 2205 2746 2261; x_wconf 73' lang='lat' dir='ltr'><strong>sper-</strong></span> 
     </span>
     <span class='ocr_line' id='line_1_67' title="bbox 1674 2272 2744 2337; baseline 0.003 -17"><span class='ocrx_word' id='word_1_328' title='bbox 1674 2277 1900 2335; x_wconf 85' lang='lat' dir='ltr'><strong>neretur,</strong></span> <span class='ocrx_word' id='word_1_329' title='bbox 1919 2278 1977 2321; x_wconf 88' lang='lat' dir='ltr'><strong>et</strong></span> <span class='ocrx_word' id='word_1_330' title='bbox 1998 2272 2049 2320; x_wconf 87' lang='lat' dir='ltr'><strong>in</strong></span> <span class='ocrx_word' id='word_1_331' title='bbox 2073 2273 2127 2321; x_wconf 90' lang='lat' dir='ltr'><strong>id</strong></span> <span class='ocrx_word' id='word_1_332' title='bbox 2153 2273 2233 2321; x_wconf 87' lang='lat' dir='ltr'><strong>vel</strong></span> <span class='ocrx_word' id='word_1_333' title='bbox 2255 2272 2309 2321; x_wconf 90' lang='lat' dir='ltr'><strong>in</strong></span> <span class='ocrx_word' id='word_1_334' title='bbox 2330 2273 2475 2337; x_wconf 81' lang='lat' dir='ltr'><strong>pejus</strong></span> <span class='ocrx_word' id='word_1_335' title='bbox 2509 2287 2744 2336; x_wconf 66' lang='lat' dir='ltr'><strong>prorum*-</strong></span> 
     </span>
     <span class='ocr_line' id='line_1_68' title="bbox 1673 2347 2744 2413; baseline 0.003 -17"><span class='ocrx_word' id='word_1_336' title='bbox 1673 2352 1862 2412; x_wconf 81' lang='lat' dir='ltr'><strong>petent</strong></span> <span class='ocrx_word' id='word_1_337' title='bbox 1899 2348 2039 2397; x_wconf 81' lang='lat' dir='ltr'><strong>cives</strong></span> <span class='ocrx_word' id='word_1_338' title='bbox 2052 2364 2071 2408; x_wconf 70' lang='grc' dir='ltr'><strong>ς</strong></span> <span class='ocrx_word' id='word_1_339' title='bbox 2106 2348 2283 2411; x_wconf 87' lang='lat' dir='ltr'><strong>sicque</strong></span> <span class='ocrx_word' id='word_1_340' title='bbox 2318 2349 2506 2412; x_wconf 77' lang='lat' dir='ltr'><strong>spretis</strong></span> <span class='ocrx_word' id='word_1_341' title='bbox 2537 2347 2744 2413; x_wconf 74' lang='lat' dir='ltr'><strong>legibus</strong></span> 
     </span>
     <span class='ocr_line' id='line_1_69' title="bbox 1674 2424 2741 2488; baseline 0.002 -14"><span class='ocrx_word' id='word_1_342' title='bbox 1674 2425 1832 2474; x_wconf 83' lang='lat' dir='ltr'><strong>resin</strong></span> <span class='ocrx_word' id='word_1_343' title='bbox 1853 2425 2041 2474; x_wconf 79' lang='lat' dir='ltr'><strong>malum</strong></span> <span class='ocrx_word' id='word_1_344' title='bbox 2079 2424 2346 2488; x_wconf 87' lang='lat' dir='ltr'><strong>publicum</strong></span> <span class='ocrx_word' id='word_1_345' title='bbox 2384 2424 2588 2475; x_wconf 75' lang='lat' dir='ltr'><strong>abiretz</strong></span> <span class='ocrx_word' id='word_1_346' title='bbox 2622 2435 2741 2476; x_wconf 76' lang='lat' dir='ltr'><strong>narn</strong></span> 
     </span>
     <span class='ocr_line' id='line_1_70' title="bbox 1669 2500 2745 2571; baseline 0.002 -22"><span class='ocrx_word' id='word_1_347' title='bbox 1669 2500 1795 2551; x_wconf 89' lang='lat' dir='ltr'><strong>licet</strong></span> <span class='ocrx_word' id='word_1_348' title='bbox 1827 2502 1985 2550; x_wconf 84' lang='lat' dir='ltr'><strong>nullae</strong></span> <span class='ocrx_word' id='word_1_349' title='bbox 2007 2501 2146 2571; x_wconf 71' lang='lat' dir='ltr'><strong>leges</strong></span> <span class='ocrx_word' id='word_1_350' title='bbox 2169 2506 2366 2550; x_wconf 79' lang='lat' dir='ltr'><strong>sanctoe</strong></span> <span class='ocrx_word' id='word_1_351' title='bbox 2406 2501 2463 2553; x_wconf 80' lang='lat' dir='ltr'><strong>id</strong></span> <span class='ocrx_word' id='word_1_352' title='bbox 2503 2502 2745 2563; x_wconf 59' lang='lat' dir='ltr'><strong>prohibei·</strong></span> 
     </span>
     <span class='ocr_line' id='line_1_71' title="bbox 1670 2576 2740 2640; baseline 0.001 -14"><span class='ocrx_word' id='word_1_353' title='bbox 1670 2583 1806 2640; x_wconf 83' lang='lat' dir='ltr'><strong>rent,</strong></span> <span class='ocrx_word' id='word_1_354' title='bbox 1849 2583 2024 2627; x_wconf 84' lang='lat' dir='ltr'><strong>tamen</strong></span> <span class='ocrx_word' id='word_1_355' title='bbox 2067 2576 2384 2627; x_wconf 84' lang='lat' dir='ltr'><strong>verecundia</strong></span> <span class='ocrx_word' id='word_1_356' title='bbox 2426 2581 2629 2626; x_wconf 81' lang='lat' dir='ltr'><strong>naturae</strong></span> <span class='ocrx_word' id='word_1_357' title='bbox 2675 2588 2740 2628; x_wconf 89' lang='lat' dir='ltr'><strong>ac</strong></span> 
     </span>
     <span class='ocr_line' id='line_1_72' title="bbox 1672 2652 2741 2720; baseline -0.002 -18"><span class='ocrx_word' id='word_1_358' title='bbox 1672 2653 1950 2717; x_wconf 82' lang='lat' dir='ltr'><strong>sanguinis,</strong></span> <span class='ocrx_word' id='word_1_359' title='bbox 1986 2657 2042 2701; x_wconf 90' lang='lat' dir='ltr'><strong>et</strong></span> <span class='ocrx_word' id='word_1_360' title='bbox 2062 2652 2184 2716; x_wconf 82' lang='lat' dir='ltr'><strong>quia</strong></span> <span class='ocrx_word' id='word_1_361' title='bbox 2204 2665 2463 2715; x_wconf 88' lang='lat' dir='ltr'><strong>nunquam</strong></span> <span class='ocrx_word' id='word_1_362' title='bbox 2484 2652 2591 2720; x_wconf 77' lang='lat' dir='ltr'><strong>tale</strong></span> <span class='ocrx_word' id='word_1_363' title='bbox 2612 2652 2741 2717; x_wconf 83' lang='lat' dir='ltr'><strong>quid</strong></span> 
     </span>
     <span class='ocr_line' id='line_1_73' title="bbox 1669 2728 2744 2794; baseline 0.001 -15"><span class='ocrx_word' id='word_1_364' title='bbox 1669 2736 1976 2794; x_wconf 83' lang='lat' dir='ltr'><strong>usurpatum</strong></span> <span class='ocrx_word' id='word_1_365' title='bbox 1999 2728 2193 2791; x_wconf 87' lang='lat' dir='ltr'><strong>fuerat,</strong></span> <span class='ocrx_word' id='word_1_366' title='bbox 2228 2728 2282 2776; x_wconf 86' lang='lat' dir='ltr'><strong>id</strong></span> <span class='ocrx_word' id='word_1_367' title='bbox 2306 2732 2452 2776; x_wconf 87' lang='lat' dir='ltr'><strong>certe</strong></span> <span class='ocrx_word' id='word_1_368' title='bbox 2480 2740 2578 2791; x_wconf 92' lang='lat' dir='ltr'><strong>pro</strong></span> <span class='ocrx_word' id='word_1_369' title='bbox 2608 2740 2744 2781; x_wconf 60' lang='lat' dir='ltr'><strong>suun</strong></span> 
     </span>
     <span class='ocr_line' id='line_1_74' title="bbox 1669 2803 2036 2868; baseline 0.005 -14"><span class='ocrx_word' id='word_1_370' title='bbox 1669 2819 1757 2854; x_wconf 82' lang='lat' dir='ltr'><strong>ma</strong></span> <span class='ocrx_word' id='word_1_371' title='bbox 1777 2806 1894 2868; x_wconf 82' lang='lat' dir='ltr'><strong>lege</strong></span> <span class='ocrx_word' id='word_1_372' title='bbox 1918 2803 2036 2856; x_wconf 78' lang='lat' dir='ltr'><strong>fnit.</strong></span> 
     </span>
    </p>

    <p class='ocr_par' dir='ltr' id='par_1_19' title="bbox 1665 2877 2744 3250">
     <span class='ocr_line' id='line_1_75' title="bbox 1735 2877 2744 2942; baseline -0.003 -12"><span class='ocrx_word' id='word_1_373' title='bbox 1735 2880 1846 2930; x_wconf 89' lang='lat' dir='ltr'><strong>Aut</strong></span> <span class='ocrx_word' id='word_1_374' title='bbox 1864 2880 2003 2931; x_wconf 85' lang='lat' dir='ltr'><strong>forte</strong></span> <span class='ocrx_word' id='word_1_375' title='bbox 2040 2878 2314 2930; x_wconf 77' lang='lat' dir='ltr'><strong>indefinite</strong></span> <span class='ocrx_word' id='word_1_376' title='bbox 2352 2878 2407 2927; x_wconf 90' lang='lat' dir='ltr'><strong>id</strong></span> <span class='ocrx_word' id='word_1_377' title='bbox 2446 2877 2744 2942; x_wconf 76' lang='lat' dir='ltr'><strong>intelligen-</strong></span> 
     </span>
     <span class='ocr_line' id='line_1_76' title="bbox 1669 2946 2739 3021; baseline -0.003 -15"><span class='ocrx_word' id='word_1_378' title='bbox 1669 2946 1812 3019; x_wconf 78' lang='lat' dir='ltr'><strong>dum,</strong></span> <span class='ocrx_word' id='word_1_379' title='bbox 1854 2970 1920 3006; x_wconf 89' lang='lat' dir='ltr'><strong>ne</strong></span> <span class='ocrx_word' id='word_1_380' title='bbox 1964 2957 2091 3021; x_wconf 89' lang='lat' dir='ltr'><strong>quid</strong></span> <span class='ocrx_word' id='word_1_381' title='bbox 2130 2956 2323 3004; x_wconf 82' lang='lat' dir='ltr'><strong>malum</strong></span> <span class='ocrx_word' id='word_1_382' title='bbox 2364 2955 2418 3003; x_wconf 90' lang='lat' dir='ltr'><strong>in</strong></span> <span class='ocrx_word' id='word_1_383' title='bbox 2474 2954 2739 3017; x_wconf 80' lang='lat' dir='ltr'><strong>publicum</strong></span> 
     </span>
     <span class='ocr_line' id='line_1_77' title="bbox 1668 3031 2736 3096; baseline -0.002 -14"><span class='ocrx_word' id='word_1_384' title='bbox 1668 3034 1894 3084; x_wconf 82' lang='lat' dir='ltr'><strong>oriretur</strong></span> <span class='ocrx_word' id='word_1_385' title='bbox 1917 3049 1982 3085; x_wconf 83' lang='lat' dir='ltr'><strong>ex</strong></span> <span class='ocrx_word' id='word_1_386' title='bbox 2002 3035 2103 3083; x_wconf 89' lang='lat' dir='ltr'><strong>hoc</strong></span> <span class='ocrx_word' id='word_1_387' title='bbox 2126 3034 2342 3096; x_wconf 85' lang='lat' dir='ltr'><strong>incesto,</strong></span> <span class='ocrx_word' id='word_1_388' title='bbox 2370 3046 2438 3080; x_wconf 89' lang='lat' dir='ltr'><strong>ne</strong></span> <span class='ocrx_word' id='word_1_389' title='bbox 2457 3031 2597 3095; x_wconf 86' lang='lat' dir='ltr'><strong>ipsos</strong></span> <span class='ocrx_word' id='word_1_390' title='bbox 2616 3032 2736 3081; x_wconf 73' lang='lat' dir='ltr'><strong>uors-</strong></span> 
     </span>
     <span class='ocr_line' id='line_1_78' title="bbox 1667 3108 2737 3213; baseline 0.001 -54"><span class='ocrx_word' id='word_1_391' title='bbox 1667 3118 1807 3161; x_wconf 85' lang='lat' dir='ltr'><strong>reret</strong></span> <span class='ocrx_word' id='word_1_392' title='bbox 1830 3112 2073 3176; x_wconf 83' lang='lat' dir='ltr'><strong>populus,</strong></span> <span class='ocrx_word' id='word_1_393' title='bbox 2101 3124 2169 3160; x_wconf 91' lang='lat' dir='ltr'><strong>ne</strong></span> <span class='ocrx_word' id='word_1_394' title='bbox 2192 3111 2305 3175; x_wconf 86' lang='lat' dir='ltr'><strong>quis</strong></span> <span class='ocrx_word' id='word_1_395' title='bbox 2327 3113 2497 3159; x_wconf 89' lang='lat' dir='ltr'><strong>motus</strong></span> <span class='ocrx_word' id='word_1_396' title='bbox 2518 3108 2573 3157; x_wconf 88' lang='lat' dir='ltr'><strong>in</strong></span> <span class='ocrx_word' id='word_1_397' title='bbox 2593 3108 2737 3213; x_wconf 70' lang='lat' dir='ltr'><strong>ipsos</strong></span> 
     </span>
     <span class='ocr_line' id='line_1_79' title="bbox 1665 3187 2280 3250; baseline -0.002 -16"><span class='ocrx_word' id='word_1_398' title='bbox 1665 3196 1950 3250; x_wconf 85' lang='lat' dir='ltr'><strong>propterea</strong></span> <span class='ocrx_word' id='word_1_399' title='bbox 1977 3187 2215 3236; x_wconf 86' lang='lat' dir='ltr'><strong>oriretur.</strong></span> <span class='ocrx_word' id='word_1_400' title='bbox 2276 3197 2280 3201; x_wconf 73' lang='grc'><em>’</em></span> 
     </span>
    </p>

    <p class='ocr_par' dir='ltr' id='par_1_20' title="bbox 1666 3259 2808 3544">
     <span class='ocr_line' id='line_1_80' title="bbox 1733 3259 2808 3328; baseline -0.002 -16"><span class='ocrx_word' id='word_1_401' title='bbox 1733 3265 1811 3312; x_wconf 79' lang='lat' dir='ltr'><strong>Ne</strong></span> <span class='ocrx_word' id='word_1_402' title='bbox 1850 3265 1902 3312; x_wconf 71' lang='lat' dir='ltr'><strong>in</strong></span> <span class='ocrx_word' id='word_1_403' title='bbox 1942 3264 2119 3312; x_wconf 74' lang='lat' dir='ltr'><strong>mulum</strong></span> <span class='ocrx_word' id='word_1_404' title='bbox 2166 3261 2405 3325; x_wconf 62' lang='lat' dir='ltr'><strong>pueliam</strong></span> <span class='ocrx_word' id='word_1_405' title='bbox 2447 3259 2736 3324; x_wconf 60' lang='lat' dir='ltr'><strong>eximeret]</strong></span> <span class='ocrx_word' id='word_1_406' title='bbox 2801 3321 2808 3328; x_wconf 74' lang='lat'><em>,</em></span> 
     </span>
     <span class='ocr_line' id='line_1_81' title="bbox 1666 3326 2736 3398; baseline -0.003 -11"><span class='ocrx_word' id='word_1_407' title='bbox 1666 3339 1886 3388; x_wconf 86' lang='lat' dir='ltr'><strong>Brevior</strong></span> <span class='ocrx_word' id='word_1_408' title='bbox 1916 3345 1998 3388; x_wconf 88' lang='lat' dir='ltr'><strong>est</strong></span> <span class='ocrx_word' id='word_1_409' title='bbox 2018 3338 2117 3387; x_wconf 84' lang='lat' dir='ltr'><strong>hoc</strong></span> <span class='ocrx_word' id='word_1_410' title='bbox 2155 3338 2269 3386; x_wconf 86' lang='lat' dir='ltr'><strong>loce</strong></span> <span class='ocrx_word' id='word_1_411' title='bbox 2304 3326 2541 3397; x_wconf 79' lang='lat' dir='ltr'><strong>Tacitus,</strong></span> <span class='ocrx_word' id='word_1_412' title='bbox 2580 3348 2736 3398; x_wconf 70' lang='lat' dir='ltr'><strong>quam</strong></span> 
     </span>
     <span class='ocr_line' id='line_1_82' title="bbox 1666 3410 2736 3525; baseline -0.004 -61"><span class='ocrx_word' id='word_1_413' title='bbox 1666 3421 1729 3464; x_wconf 77' lang='lat' dir='ltr'><strong>ut</strong></span> <span class='ocrx_word' id='word_1_414' title='bbox 1757 3428 1924 3464; x_wconf 87' lang='lat' dir='ltr'><strong>mens</strong></span> <span class='ocrx_word' id='word_1_415' title='bbox 1934 3414 2048 3477; x_wconf 85' lang='lat' dir='ltr'><strong>ejus</strong></span> <span class='ocrx_word' id='word_1_416' title='bbox 2070 3413 2195 3462; x_wconf 82' lang='lat' dir='ltr'><strong>satis</strong></span> <span class='ocrx_word' id='word_1_417' title='bbox 2219 3411 2440 3525; x_wconf 83' lang='lat' dir='ltr'><strong>praecise</strong></span> <span class='ocrx_word' id='word_1_418' title='bbox 2462 3410 2580 3473; x_wconf 84' lang='lat' dir='ltr'><strong>capi</strong></span> <span class='ocrx_word' id='word_1_419' title='bbox 2616 3424 2736 3474; x_wconf 81' lang='lat' dir='ltr'><strong>pos·</strong></span> 
     </span>
     <span class='ocr_line' id='line_1_83' title="bbox 1666 3490 2760 3544; baseline -0.002 -6"><span class='ocrx_word' id='word_1_420' title='bbox 1666 3490 1754 3540; x_wconf 82' lang='lat' dir='ltr'><strong>sit.</strong></span> <span class='ocrx_word' id='word_1_421' title='bbox 2755 3539 2760 3544; x_wconf 67' lang='grc'>,</span> 
     </span>
    </p>

    <p class='ocr_par' dir='ltr' id='par_1_21' title="bbox 1666 3559 2737 4086">
     <span class='ocr_line' id='line_1_84' title="bbox 1731 3559 2734 3627; baseline -0.003 -13"><span class='ocrx_word' id='word_1_422' title='bbox 1731 3566 1890 3627; x_wconf 66' lang='lat' dir='ltr'><strong>Forte</strong></span> <span class='ocrx_word' id='word_1_423' title='bbox 1911 3562 2213 3613; x_wconf 85' lang='lat' dir='ltr'><strong>metuebant</strong></span> <span class='ocrx_word' id='word_1_424' title='bbox 2236 3563 2379 3612; x_wconf 84' lang='lat' dir='ltr'><strong>Deos</strong></span> <span class='ocrx_word' id='word_1_425' title='bbox 2396 3562 2595 3610; x_wconf 85' lang='lat' dir='ltr'><strong>ultores</strong></span> <span class='ocrx_word' id='word_1_426' title='bbox 2614 3559 2734 3611; x_wconf 77' lang='lat' dir='ltr'><strong>talis</strong></span> 
     </span>
     <span class='ocr_line' id='line_1_85' title="bbox 1666 3637 2735 3701; baseline -0.002 -12"><span class='ocrx_word' id='word_1_427' title='bbox 1666 3640 1872 3701; x_wconf 76' lang='lat' dir='ltr'><strong>incesti,</strong></span> <span class='ocrx_word' id='word_1_428' title='bbox 1908 3653 1975 3687; x_wconf 89' lang='lat' dir='ltr'><strong>ne</strong></span> <span class='ocrx_word' id='word_1_429' title='bbox 2010 3640 2201 3687; x_wconf 85' lang='lat' dir='ltr'><strong>malum</strong></span> <span class='ocrx_word' id='word_1_430' title='bbox 2237 3638 2356 3687; x_wconf 88' lang='lat' dir='ltr'><strong>ideo</strong></span> <span class='ocrx_word' id='word_1_431' title='bbox 2390 3637 2735 3687; x_wconf 82' lang='lat' dir='ltr'><strong>immitterent</strong></span> 
     </span>
     <span class='ocr_line' id='line_1_86' title="bbox 1667 3713 2733 3780; baseline -0.002 -14"><span class='ocrx_word' id='word_1_432' title='bbox 1667 3717 1892 3780; x_wconf 84' lang='lat' dir='ltr'><strong>Reipub.</strong></span> <span class='ocrx_word' id='word_1_433' title='bbox 1917 3716 2000 3764; x_wconf 81' lang='lat' dir='ltr'><strong>vel</strong></span> <span class='ocrx_word' id='word_1_434' title='bbox 2024 3715 2078 3763; x_wconf 89' lang='lat' dir='ltr'><strong>in</strong></span> <span class='ocrx_word' id='word_1_435' title='bbox 2113 3715 2363 3778; x_wconf 76' lang='lat' dir='ltr'><strong>ipsosmet</strong></span> <span class='ocrx_word' id='word_1_436' title='bbox 2383 3713 2733 3775; x_wconf 75' lang='lat' dir='ltr'><strong>dominantes,</strong></span> 
     </span>
     <span class='ocr_line' id='line_1_87' title="bbox 1668 3792 2737 3858; baseline -0.004 -15"><span class='ocrx_word' id='word_1_437' title='bbox 1668 3793 1806 3858; x_wconf 87' lang='lat' dir='ltr'><strong>quod</strong></span> <span class='ocrx_word' id='word_1_438' title='bbox 1842 3792 1981 3841; x_wconf 87' lang='lat' dir='ltr'><strong>idem</strong></span> <span class='ocrx_word' id='word_1_439' title='bbox 2006 3798 2120 3841; x_wconf 81' lang='lat' dir='ltr'><strong>est:</strong></span> <span class='ocrx_word' id='word_1_440' title='bbox 2152 3806 2271 3841; x_wconf 88' lang='lat' dir='ltr'><strong>nam</strong></span> <span class='ocrx_word' id='word_1_441' title='bbox 2308 3793 2491 3845; x_wconf 78' lang='lat' dir='ltr'><strong>easdem</strong></span> <span class='ocrx_word' id='word_1_442' title='bbox 2525 3792 2737 3839; x_wconf 63' lang='lat' dir='ltr'><strong>ratione}</strong></span> 
     </span>
     <span class='ocr_line' id='line_1_88' title="bbox 1667 3866 2734 3931; baseline -0.001 -14"><span class='ocrx_word' id='word_1_443' title='bbox 1667 3869 1741 3917; x_wconf 83' lang='lat' dir='ltr'><strong>illi</strong></span> <span class='ocrx_word' id='word_1_444' title='bbox 1762 3869 1932 3918; x_wconf 74' lang='lat' dir='ltr'><strong>habent</strong></span> <span class='ocrx_word' id='word_1_445' title='bbox 1952 3879 2057 3917; x_wconf 78' lang='lat' dir='ltr'><strong>cum</strong></span> <span class='ocrx_word' id='word_1_446' title='bbox 2081 3867 2353 3931; x_wconf 63' lang='lat' dir='ltr'><strong>Republica.</strong></span> <span class='ocrx_word' id='word_1_447' title='bbox 2419 3867 2588 3928; x_wconf 87' lang='lat' dir='ltr'><strong>Supra</strong></span> <span class='ocrx_word' id='word_1_448' title='bbox 2606 3866 2734 3916; x_wconf 57' lang='lat' dir='ltr'><strong>Tuci</strong></span> 
     </span>
     <span class='ocr_line' id='line_1_89' title="bbox 1667 3942 2730 4009; baseline -0.003 -16"><span class='ocrx_word' id='word_1_449' title='bbox 1667 3944 1775 3996; x_wconf 89' lang='lat' dir='ltr'><strong>‘ita</strong></span> <span class='ocrx_word' id='word_1_450' title='bbox 1795 3947 1905 3995; x_wconf 87' lang='lat' dir='ltr'><strong>nati</strong></span> <span class='ocrx_word' id='word_1_451' title='bbox 1939 3946 2082 4009; x_wconf 72' lang='lat' dir='ltr'><strong>estiS,</strong></span> <span class='ocrx_word' id='word_1_452' title='bbox 2119 3950 2180 3993; x_wconf 88' lang='lat' dir='ltr'><strong>ut</strong></span> <span class='ocrx_word' id='word_1_453' title='bbox 2201 3950 2378 3992; x_wconf 80' lang='lat' dir='ltr'><strong>vestra</strong></span> <span class='ocrx_word' id='word_1_454' title='bbox 2400 3942 2537 3992; x_wconf 85' lang='lat' dir='ltr'><strong>bena</strong></span> <span class='ocrx_word' id='word_1_455' title='bbox 2571 3942 2730 3991; x_wconf 83' lang='lat' dir='ltr'><strong>mala·</strong></span> 
     </span>
     <span class='ocr_line' id='line_1_90' title="bbox 1669 4017 2492 4086; baseline -0.005 -15"><span class='ocrx_word' id='word_1_456' title='bbox 1669 4036 1769 4086; x_wconf 90' lang='lat' dir='ltr'><strong>que</strong></span> <span class='ocrx_word' id='word_1_457' title='bbox 1791 4020 1857 4071; x_wconf 87' lang='lat' dir='ltr'><strong>ad</strong></span> <span class='ocrx_word' id='word_1_458' title='bbox 1880 4021 2140 4085; x_wconf 85' lang='lat' dir='ltr'><strong>Rempub.</strong></span> <span class='ocrx_word' id='word_1_459' title='bbox 2159 4017 2492 4086; x_wconf 66' lang='lat' dir='ltr'><strong>pertineant!</strong></span> 
     </span>
    </p>

    <p class='ocr_par' dir='ltr' id='par_1_22' title="bbox 1666 4096 2731 4312">
     <span class='ocr_line' id='line_1_91' title="bbox 1728 4096 2731 4155; baseline -0.004 -10"><span class='ocrx_word' id='word_1_460' title='bbox 1728 4098 1829 4145; x_wconf 88' lang='lat' dir='ltr'><strong>Vel</strong></span> <span class='ocrx_word' id='word_1_461' title='bbox 1849 4097 2007 4147; x_wconf 82' lang='lat' dir='ltr'><strong>etiam</strong></span> <span class='ocrx_word' id='word_1_462' title='bbox 2029 4096 2336 4147; x_wconf 82' lang='lat' dir='ltr'><strong>metuebant</strong></span> <span class='ocrx_word' id='word_1_463' title='bbox 2367 4099 2604 4142; x_wconf 86' lang='lat' dir='ltr'><strong>senatum</strong></span> <span class='ocrx_word' id='word_1_464' title='bbox 2637 4105 2731 4155; x_wconf 70' lang='lat' dir='ltr'><strong>po·</strong></span> 
     </span>
     <span class='ocr_line' id='line_1_92' title="bbox 1666 4169 2730 4236; baseline -0.004 -15"><span class='ocrx_word' id='word_1_465' title='bbox 1666 4173 1947 4236; x_wconf 88' lang='lat' dir='ltr'><strong>pulumque</strong></span> <span class='ocrx_word' id='word_1_466' title='bbox 1980 4173 2127 4221; x_wconf 90' lang='lat' dir='ltr'><strong>Rom.</strong></span> <span class='ocrx_word' id='word_1_467' title='bbox 2165 4184 2231 4219; x_wconf 86' lang='lat' dir='ltr'><strong>ne</strong></span> <span class='ocrx_word' id='word_1_468' title='bbox 2255 4172 2386 4219; x_wconf 85' lang='lat' dir='ltr'><strong>tales</strong></span> <span class='ocrx_word' id='word_1_469' title='bbox 2407 4169 2616 4234; x_wconf 61' lang='lat' dir='ltr'><strong>nuptia</strong></span> <span class='ocrx_word' id='word_1_470' title='bbox 2638 4182 2730 4217; x_wconf 56' lang='lat' dir='ltr'><strong>ex*</strong></span> 
     </span>
     <span class='ocr_line' id='line_1_93' title="bbox 1666 4248 2730 4312; baseline -0.005 -14"><span class='ocrx_word' id='word_1_471' title='bbox 1666 4248 1960 4312; x_wconf 76' lang='lat' dir='ltr'><strong>horrerent,</strong></span> <span class='ocrx_word' id='word_1_472' title='bbox 1979 4250 2387 4312; x_wconf 72' lang='lat' dir='ltr'><strong>spernerentque</strong></span> <span class='ocrx_word' id='word_1_473' title='bbox 2407 4250 2650 4297; x_wconf 66' lang='lat' dir='ltr'><strong>anema</strong></span> <span class='ocrx_word' id='word_1_474' title='bbox 2671 4248 2730 4294; x_wconf 81' lang='lat' dir='ltr'><strong>et</strong></span> 
     </span>
    </p>
   </div>
  </div>
 </body>
</html>
