3100 4925
501 418 676 487 1148

1157 432 1221 477 C.
1268 427 1636 477 CORNELII
1675 426 1941 476 *mom
1976 425 1988 438 ⁸

2391 431 2484 498 [A.
2507 431 2574 484 υ.
2595 427 2718 482 ειη.

502 575 764 640 initium
813 570 1259 637 accusationis
1277 568 1317 633 ι*
1358 569 1792 651 fratrumque²
1838 586 1970 634 non
2011 559 2394 648 incestum}
2446 569 2567 634 sed
2614 569 2718 632 in-

495 742 631 806 pium
646 736 893 787 delationis
898 751 919 795 ,·
950 734 1187 796 etsi-atris
1205 735 1469 798 sororisque
1491 748 1697 783 amorem
1731 748 1824 781 mm
1843 732 2087 796 illicitum,
2108 733 2188 781 sed
2210 733 2470 798 incautum,
2499 735 2562 783 ad
2582 733 2720 796 igno·

1432 878 1786 899 OOOOOOOOOON

506 980 651 1030 1⁹⁶8.
721 976 784 1025 In
805 967 1010 1027 Manet
1043 975 1273 1026 editione
1296 973 1534 1038 principe
1545 971 1700 1033 serre.
1733 974 2062 1023 Brotier.·--2
2093 973 2182 1023 Sic
2219 972 2348 1023 Mu.
2369 973 2507 1023 Flor.
2540 963 2717 1023 Vatic-

505 1042 638 1104 Reg.
662 1046 719 1090 et
748 1040 910 1090 editio
946 1041 1188 1105 princeps
1222 1047 1522 1103 ceteraeque
1560 1038 1794 1101 optimae.
1862 1038 2182 1087 Puteolanus
2217 1043 2278 1086 ut
2310 1043 2367 1086 et
2399 1037 2548 1088 multi
2583 1038 2714 1086 Mas.

400 1100 407 1106 ⁰
489 1105 689 1164 fratris.
756 1104 947 1168 Ryckii
972 1105 1102 1154 Cod.
1126 1111 1183 1153 et
1203 1105 1308 1155 Ma.
1331 1103 1461 1167 Agr.
1474 1101 1768 1162 fraternum.
1835 1103 2020 1151 Frater
2042 1100 2109 1151 de
2141 1100 2303 1151 fratre
2327 1116 2388 1151 ac
2411 1115 2589 1151 sorore
2610 1100 2717 1151 dici

498 1169 609 1232 jum
630 1169 1016 1234 lexicographis
1040 1169 1253 1246 aliisque
1276 1168 1453 1218 multis
1476 1173 1598 1216 ante
1624 1181 1717 1215 nos
1742 1166 2085 1217 observatum.
2151 1166 2300 1216 Idem.

1496 1286 1549 1336 N
1563 1285 1726 1335 OTIE

506 1383 755 1447 praetorio
774 1383 962 1447 patre.'
1016 1382 1189 1447 Igitur
1208 1383 1422 1433 Calvina
1439 1383 1575 1446 haec,

506 1460 589 1509 vel
627 1457 729 1508 fuit
761 1460 953 1522 conjux
986 1459 1196 1508 alterins
1221 1458 1442 1521 Vitellii,
1484 1458 1574 1524 qui

507 1533 670 1583 frater
697 1534 968 1598 principis,
988 1540 1042 1583 et
1064 1535 1239 1583 statim
1264 1534 1570 1598 repudiata:

506 1609 649 1674 (nam
669 1610 875 1672 Tacito,
903 1611 919 1639 ⁴
937 1610 1075 1659 haud
1097 1598 1321 1660 multum'
1339 1616 1461 1660 ante
1482 1610 1573 1659 vi-

507 1685 637 1735 tellii
675 1700 834 1735 nurus
851 1685 908 1751 ε’)
931 1687 1015 1736 vel
1053 1685 1189 1735 forte
1225 1699 1357 1735 uxor
1398 1684 1574 1734 fuerat

507 1761 634 1811 aliua
655 1760 746 1810 filii
768 1762 916 1811 istius
936 1762 1230 1823 LVitellii,
1247 1761 1334 1826 qni
1356 1766 1465 1810 tum
1483 1766 1576 1810 aut

505 1852 626 1888 mox
645 1838 894 1887 obiisset:
929 1852 1047 1887 nam
1064 1852 1131 1887 ex
1149 1838 1320 1887 verbis
1338 1837 1576 1887 Suetonii

505 1926 552 1963 c.
565 1917 615 1963 8.
630 1913 814 1963 inferri
838 1920 1033 1977 potest,
1043 1913 1278 1964 habuisse
1298 1913 1572 1963 Vitellium

442 2022 461 2030 s
504 1989 681 2049 iatum,
719 2004 822 2038 non
856 1997 1059 2039 tantum
1093 1990 1238 2051 duos,
1269 1990 1361 2037 aed
1400 1988 1572 2051 plures

505 2063 673 2114 filios:
708 2066 724 2092 ‘
749 2063 977 2113 decessit
1006 2063 1233 2126 paralysi
1270 2064 1435 2112 altero
1469 2062 1572 2124 die,

505 2155 656 2204 quam
678 2145 954 2201 correptus
977 2144 1076 2199 est,
1100 2136 1300 2186 duobus
1334 2134 1455 2185 filiis
1492 2151 1575 2185 su·

508 2216 833 2280 perstitibus,
855 2229 984 2277 quos
1007 2228 1073 2262 ex
1096 2212 1347 2274 Sextilia,'
1372 2215 1473 2261 διο.

568 2292 586 2325 ¹
616 2291 752 2341 Hinc
804 2290 1000 2339 initium
1042 2287 1393 2353 «venationiq-
1436 2287 1573 2341 Quia

505 2373 674 2422 decom
706 2376 762 2419 et
792 2367 1338 2432 pmeuxaororsilano,
1377 2371 1434 2416 et
1467 2381 1572 2415 non

506 2446 709 2511 pridem
740 2446 930 2497 Vitellio
950 2458 1096 2494 amm
1105 2441 1299 2505 fuerat,
1325 2442 1444 2493 hinc
1479 2443 1574 2492 ini-

507 2523 636 2575 tium
659 2522 1024 2572 accusationis.
1093 2518 1234 2568 Hinc
1274 2517 1341 2567 ad
1374 2515 1576 2567 infami-

506 2614 590 2649 m
613 2598 776 2649 trahit
803 2596 1048 2646 Vitellius
1069 2593 1289 2644 fratrum
1328 2608 1574 2659 amorem,

505 2689 610 2726 non
631 2675 887 2723 incestum
909 2677 1072 2734 certe,
1094 2671 1184 2720 sed
1209 2676 1383 2721 tamen
1404 2671 1574 2721 incus·-

508 2749 766 2809 toditum3
817 2755 874 2798 et
911 2747 1056 2812 quasi
1081 2761 1258 2797 verum
1297 2754 1437 2798 esset
1474 2749 1574 2798 cri-

505 2841 642 2890 men,
663 2830 877 2875 accusat
898 2823 1150 2884 Silanum,
1170 2837 1391 2887 eumque
1425 2823 1575 2891 ejicit

506 2910 711 2964 senatu,
734 2908 984 2966 praetura,
1004 2904 1104 2952 διο.

571 2980 705 3030 Hinc
725 2971 920 3028 initium
937 2976 1269 3039 accusationis]
1307 2976 1467 3037 Puto,
1486 2975 1572 3025 hic

505 3060 646 3104 errat
687 3056 946 3116 interpres
989 3053 1241 3114 Galliena,
1284 3052 1370 3116 qui
1398 3053 1574 3116 vertit,

504 3130 616 3180 hinc
644 3130 840 3179 initium
877 3128 1188 3178 accusationib
1222 3128 1460 3178 sumsisse
1483 3128 1573 3178 Vi-

507 3209 728 3267 tellium,
762 3208 900 3273 quod
934 3208 1098 3258 Junia
1133 3208 1288 3272 paulo
1331 3214 1453 3258 ante
1494 3208 1575 3271 ip-

504 3284 610 3334 sius
632 3299 788 3334 nuru·
809 3283 1012 3334 fuisset.
1079 3283 1291 3333 Initium
1313 3298 1406 3333 seu
1440 3297 1574 3348 prae-

505 3365 680 3410 textus
703 3359 1047 3410 accusationis
1069 3359 1121 3408 in
1142 3360 1369 3409 Silanum
1391 3358 1575 3408 sumsit

505 3435 725 3492 delator,
762 3435 884 3500 quia
925 3435 974 3483 ei
1005 3437 1020 3461 ‘
1046 3435 1237 3484 decora
1280 3441 1337 3485 et
1378 3447 1573 3498 procax

505 3525 649 3562 soror
669 3511 705 3562 J
711 3512 829 3561 unia
853 3509 1101 3561 Calvina!

569 3593 594 3620 ¹¹
624 3587 940 3649 ,Fu-utrumque
996 3601 1090 3636 non
1146 3582 1399 3649 incestant]
1476 3586 1567 3637 sic

505 3663 679 3712 vatic.
705 3664 839 3726 quod
861 3660 1045 3725 probo.
1080 3663 1253 3726 Vulgo
1267 3662 1465 3723 fratris.
1510 3663 1575 3715 In

504 3739 708 3802 reliqua
729 3738 990 3800 scriptura
1014 3738 1217 3800 pendeo
1235 3739 1411 3788 animi.
1447 3738 1573 3789 Vul-

506 3822 680 3880 gatam
723 3815 766 3863 si
828 3814 1059 3877 ferimus,
1100 3818 1411 3867 sententiam
1457 3832 1572 3868 esse

502 3892 655 3951 vo103
706 3896 932 3940 tractum
973 3890 1024 3938 in
1063 3893 1259 3941 crimen
1300 3908 1432 3953 ease,
1468 3907 1572 3942 non

505 3981 730 4018 amorem
752 3968 1008 4016 incestum
1046 3967 1184 4017 inter
1219 3966 1455 4029 fratrem,
1490 3984 1572 4019 so-

503 4057 793 4108 roremque,
832 4042 924 4092 sed
949 4050 1148 4093 tantum
1184 4043 1572 4107 incustoditum,

501 4121 557 4171 id
596 4126 697 4180 eat,
743 4133 968 4168 amorem
1005 4133 1187 4181 pamm
1226 4125 1435 4168 cautum
1471 4120 1571 4170 cir-

500 4203 981 4261 conspectumque,
1003 4202 1059 4244 et
1081 4195 1171 4259 qui
1204 4194 1316 4243 sine
1340 4194 1573 4262 crimine,

498 4274 617 4345 rapi
636 4280 813 4330 tmen
830 4270 890 4326 in
909 4272 1106 4325 crimen
1130 4269 1387 4337 potnerit.

1714 1383 2038 1433 Simillimum
2059 1383 2187 1432 illud
2213 1382 2373 1432 Plinii
2396 1381 2480 1431 el.
2498 1394 2572 1430 v1.
2588 1376 2723 1443 epi·-

1651 1462 1803 1511 tolar.
1868 1462 1884 1489 ‘
1906 1460 2089 1510 Tuitus
2114 1474 2225 1509 sum
2248 1460 2445 1509 Julium
2482 1459 2722 1517 Bassum,

1651 1542 1711 1585 ut
1743 1536 2117 1586 incustoditum
2153 1535 2302 1584 nimia
2338 1541 2394 1584 et
2434 1534 2721 1593 incautum,

1650 1613 1728 1662 ita
1747 1613 1957 1662 minime
1979 1610 2205 1661 malum.'
2271 1610 2326 1661 Si
2361 1609 2485 1674 quid
2519 1613 2725 1657 mutan-

1654 1690 1795 1752 dum,
1840 1689 2089 1752 legerem,
2145 1686 2489 1735 incustoditum
2545 1696 2720 1733 sermo·

1651 1780 1774 1815 nem.

1719 1842 1766 1889 E
1797 1842 1998 1891 Seneca
2019 1846 2166 1890 certe
2187 1840 2406 1899 clarum,
2439 1851 2542 1886 non
2577 1834 2720 1884 aliud

1653 1933 1774 1967 vere
1794 1918 2056 1981 objectum
2074 1931 2190 1966 esse
2212 1915 2330 1964 hnic
2356 1915 2546 1974 Silano,
2566 1923 2720 1975 qnam

1651 1994 1810 2044 verba
1833 1993 2083 2042 adversus
2106 2006 2333 2041 sororem
2366 1988 2642 2052 nuptialia,
2666 1990 2723 2036 et

1653 2084 1834 2134 parum
1859 2075 2027 2119 cauta.
2092 2067 2185 2118 Ait
2205 2068 2258 2116 in
2280 2067 2427 2116 Ludo
2462 2064 2528 2114 de
2551 2069 2722 2113 morte

1654 2144 1889 2194 Claudii:
1941 2145 1957 2172 ‘
1981 2144 2086 2195 Qui
2126 2148 2375 2208 quantum
2415 2139 2623 2204 quidem
2665 2137 2723 2187 in

1652 2221 1766 2286 ipso
1799 2219 1923 2283 fuit,
1957 2220 2252 2269 damnatum
2286 2217 2474 2267 incesti
2509 2217 2568 2264 L.
2591 2215 2723 2265 Sila-

1652 2313 1774 2348 num
1831 2312 2078 2362 generum
2123 2311 2270 2345 sunm
2312 2293 2524 2344 occidit.
2609 2290 2722 2341 Oro

1654 2379 1873 2438 propter
1893 2373 2054 2437 qnid?
2101 2373 2340 2421 Sororem
2384 2383 2527 2418 suam
2572 2365 2724 2418 festi-

1656 2450 1911 2500 vissimam
1953 2448 2178 2498 omnium
2222 2445 2528 2510 puellarum,
2567 2456 2724 2508 quam

1655 2539 1830 2577 omnes
1846 2526 2100 2574 Venerem
2120 2530 2391 2585 vocarent,
2427 2520 2609 2568 maluit
2629 2519 2663 2571 J
2668 2532 2727 2568 u·

1652 2617 1840 2652 nonem
1882 2599 2122 2651 vocarez'
2178 2599 2253 2648 itu
2315 2598 2452 2646 enim
2516 2593 2724 2644 restitui

1654 2691 1771 2727 eum
1794 2677 2168 2738 locumnuper.
2233 2672 2442 2735 Lirim

1720 2753 2034 2814 Fmtmnque
2048 2765 2142 2800 non
2155 2749 2401 2811 immun,
2418 2749 2498 2797 ced
2518 2746 2725 2796 incusto-

1651 2830 1809 2879 ditum
1849 2827 2075 2890 morem]
2128 2827 2297 2876 Recte
2342 2822 2566 2872 omnino.
2632 2819 2722 2871 Sic

1652 2908 1850 2955 Seneca
1892 2903 2115 2953 Medea:
2173 2900 2295 2950 ‘Ad
2339 2914 2517 2962 regum
2558 2897 2723 2948 thalu-

1651 2980 1810 3040 mos;'
1845 2979 1898 3028 id
1929 2984 2029 3039 est,
2063 2977 2198 3040 regis
2228 2983 2285 3025 et
2318 2975 2508 3038 puellae
2545 2973 2722 3035 regiae.

1651 3056 1789 3106 Dein
1822 3054 1981 3114 idem,
2004 3054 2019 3081 ‘
2044 3050 2392 3115 Sceptrigeriz
2415 3050 2517 3099 rite
2542 3045 2725 3099 tonnu-

1652 3132 1823 3201 tibus,’
1844 3132 1943 3181 hoc
1968 3136 2067 3190 est,
2088 3128 2208 3181 Jovi
2234 3134 2290 3178 et
2309 3127 2526 3179 Junoni.

1718 3212 1905 3275 Neque
1949 3214 2083 3267 erat,
2121 3221 2215 3257 cnr
2266 3206 2522 3270 penderet
2567 3200 2725 3255 animi

1653 3288 1886 3352 Lipsius,
1908 3287 1962 3336 in
1996 3292 2102 3336 tam
2137 3283 2408 3334 commoda
2443 3281 2722 3346 explicati-

1651 3379 1750 3415 one
1773 3363 1973 3428 reliqui.
2041 3363 2162 3413 Non
2202 3360 2394 3410 foedam
2433 3365 2491 3408 et
2529 3360 2721 3408 sceles-

1655 3450 1759 3492 tam
1781 3441 2071 3501 libidinem,
2111 3439 2203 3487 sed
2239 3437 2522 3500 simplicem
2564 3434 2720 3484 nimia

1653 3525 1709 3568 et
1728 3520 2006 3578 incautam,
2021 3528 2186 3578 eoque
2203 3513 2442 3575 malignae
2467 3512 2724 3574 interpre-

1654 3593 1834 3643 tationi
1878 3590 2152 3640 obnoxiam
2195 3587 2621 3638 consuetudinem
2662 3591 2720 3636 et

1654 3669 2097 3719 conversationem
2122 3665 2341 3730 arripuit
2360 3664 2415 3711 in
2438 3663 2651 3712 crimen.

1718 3744 1878 3809 Apud
1918 3745 2167 3792 Senecam
2210 3741 2265 3789 in
2301 3739 2447 3789 Ludo
2488 3737 2720 3786 scriben-

1654 3821 1805 3871 dum:
1842 3823 1857 3849 ‘
1881 3819 1937 3869 Si
1971 3817 2293 3867 mehercules
2317 3829 2349 3864 a
2369 3816 2591 3863 Saturno
2627 3824 2721 3875 pe·

1651 3898 1805 3947 tisset
1833 3895 1928 3945 hoe
1954 3892 2277 3955 beneficium,
2310 3891 2458 3955 cujus
2489 3899 2720 3938 mensem

1651 3981 1767 4025 toto
1788 3987 1922 4023 anno
1944 3968 2250 4031 celebravit,
2289 3980 2390 4016 non
2412 3966 2626 4015 tulisset
2659 3963 2722 4013 il·-

1649 4051 1757 4100 lud.
1827 4051 2030 4099 Nedum
2061 4047 2124 4095 ab
2158 4047 2313 4106 Jove,
2351 4058 2522 4108 quem,
2563 4053 2724 4105 quan-

1649 4134 1760 4177 tum
1784 4124 1993 4190 quidem
2014 4123 2068 4171 in
2101 4122 2190 4170 illo
2213 4120 2336 4180 fuit,
2357 4116 2625 4167 damnavit
2643 4116 2723 4164 in-

1651 4203 1806 4254 cesti.
1840 4203 1899 4252 L.
1915 4200 2145 4249 Silanum
2162 4196 2297 4245 enim
2318 4193 2594 4258 generum,’
2616 4194 2718 4242 &m

1714 4276 1919 4330 Eodem
1958 4272 2190 4341 pertinet
2231 4270 2457 4327 ibidemz
2513 4270 2530 4299 ⁴
2557 4278 2713 4320 unum
