3100 4925
377 401 432 453 J.
449 402 519 453 sc.
543 399 652 464 ως]
669 445 670 452 ,

1074 398 1488 476 ARNAumM
1534 399 1682 447 1118.
1714 401 1889 449 xln.

2405 389 2580 454 1515

321 585 326 590 -
387 557 539 601 cum
580 536 959 619 dignitatem
991 536 1295 601 ordinum
1327 538 1709 617 dividerent,
1755 540 2122 606 libertatem
2151 544 2218 607 in
2247 545 2578 608 communi

381 640 744 721 posuisse.¹’
831 636 1013 716 Quin
1038 649 1105 704 et
1136 641 1633 704 manumittendi
1678 641 1851 706 duas
1887 645 2182 727 speciosq
2217 645 2574 722 institutas,

381 819 696 885 tinguerent,
715 821 1010 872 libertatem
1050 824 1105 872 iu
1143 824 1313 872 medio
1353 824 1654 906 reliquisse3
1687 824 1842 874 immo
1881 832 1938 873 et
1974 824 2079 874 duo
2122 839 2313 889 genera
2350 824 2575 876 donandi

1370 1002 1582 1053 NOTAE

438 1111 528 1161 Sic
546 1111 668 1162 olim
692 1110 911 1163 Athenis
933 1112 1079 1163 fuere
1100 1115 1435 1179 quadraginta

376 1202 639 1237 servorum
672 1189 852 1249 millia,
876 1203 993 1238 cum
1028 1197 1201 1240 esseut
1234 1198 1434 1241 tantum

374 1262 649 1313 duodecim
682 1265 843 1313 millia
874 1266 1207 1327 ingenuorum
1228 1267 1433 1318 civium.

438 1346 465 1380 Ρ
494 1340 787 1390 Libertatem
838 1342 891 1390 in
929 1345 1159 1392 commui
1203 1344 1433 1408 posuisse]

373 1414 500 1465 Cum
539 1416 833 1465 dividerent
873 1422 1064 1466 statum
1107 1418 1334 1469 civitatis
1377 1420 1432 1468 in

372 1497 482 1558 tres
517 1493 743 1554 ordines,
767 1500 1081 1554 senatorum,
1102 1494 1354 1558 equitum,
1375 1501 1432 1544 et

371 1567 591 1630 plebis,’
577 1583 630 1616 m
664 1567 836 1618 medio
875 1583 1095 1631 posuere
1117 1570 1430 1634 libertatem,

370 1656 523 1706 quan
561 1644 698 1692 servi
735 1651 791 1693 et
819 1643 1035 1693 advenae
1069 1644 1201 1694 bene
1240 1647 1428 1706 meriti,

370 1719 453 1767 vel
477 1718 545 1768 de
570 1719 856 1783 Republica
879 1720 962 1769 vel
996 1719 1061 1767 de
1097 1721 1318 1783 privatis
1354 1723 1427 1770 ci-

366 1793 534 1853 vibus,
557 1794 802 1858 consequi
841 1802 897 1844 et
933 1795 1171 1845 obtinere
1217 1797 1428 1847 tandem

347 1876 618 1939 possent:
656 1877 710 1917 et
746 1869 800 1918 id
836 1869 969 1920 bono
1008 1872 1218 1934 publico
1257 1888 1432 1937 reper-

367 1950 499 1994 tum.

375 2065 384 2072 .
432 2020 522 2070 Sic
559 2020 798 2070 societati
840 2021 1098 2071 hominum
1142 2029 1199 2073 et
1239 2026 1428 2073 mutuis

369 2095 556 2145 officiis
592 2104 735 2146 recte
774 2098 1097 2159 consultum3
1135 2099 1208 2148 sic
1232 2107 1288 2149 et
1312 2101 1428 2149 Rei-

366 2167 491 2235 pufl.
514 2179 573 2223 et
610 2173 832 2244 civitati,
858 2188 976 2238 quae
1015 2174 1161 2224 bonis
1194 2182 1252 2224 et
1294 2174 1425 2226 bene

364 2248 565 2297 meritis
597 2248 797 2298 civibus
829 2250 905 2299 ita
943 2251 1215 2314 suppletur
1237 2259 1293 2301 et
1322 2252 1424 2302 fre-

365 2331 665 2387 quentatur.
732 2327 868 2377 Quia
899 2326 1038 2376 idem
1071 2342 1173 2377 non
1212 2343 1424 2392 usurpa-

362 2414 486 2450 vere
508 2400 869 2465 Athenienses,
904 2403 1081 2451 statim
1105 2403 1168 2451 ad
1195 2405 1426 2467 paucita-

364 2483 470 2528 tem
512 2479 715 2528 redacti
748 2486 884 2543 sunt,
921 2487 979 2529 et
1032 2479 1141 2529 cito
1184 2478 1425 2531 defloruit

360 2555 562 2604 illorum
588 2555 817 2618 Respub.

371 2664 378 2669 -
426 2629 528 2678 Vel
549 2627 686 2679 forte
709 2645 886 2680 sensus
910 2637 1011 2694 est,
1032 2645 1135 2680 non
1172 2631 1425 2697 divisisse,

361 2712 454 2756 aut
474 2706 677 2756 dedisse
697 2707 1014 2771 libertatem,
1030 2707 1122 2757 sed
1140 2709 1283 2757 illam
1305 2710 1423 2759 reli-

360 2783 533 2847 quisse
553 2783 605 2831 in
627 2784 816 2846 medio,
852 2785 928 2833 ita
949 2791 1008 2834 ut
1028 2785 1168 2833 illam
1188 2785 1314 2835 dare
1337 2788 1421 2836 vel

359 2860 684 2923 magistratus
717 2860 799 2907 vel
823 2860 1015 2921 privati
1036 2874 1133 2923 pro
1168 2875 1263 2910 suo
1284 2862 1421 2911 arbi-

361 2935 460 2987 trio
501 2940 732 2999 possent,
777 2942 831 2984 et
876 2936 961 2984 alii
1006 2936 1237 2986 homines
1279 2939 1419 2988 illam

361 3010 604 3073 accipere
665 3022 760 3072 pro
799 3010 987 3058 merito
1028 3025 1138 3073 suo,
1176 3020 1268 3061 aut
1301 3028 1417 3063 eam

360 3086 619 3136 redlmere
656 3091 714 3133 et
737 3099 793 3133 se
813 3084 1076 3136 vindicare
1096 3101 1193 3151 pro
1211 3084 1423 3137 fortuna

361 3162 630 3226 cujusque.
925 3188 942 3195 ν

423 3238 717 3288 Libertatem
740 3237 792 3285 in
811 3237 1064 3301 commin]
1100 3239 1215 3288 Nec
1226 3239 1421 3299 frustra

359 3317 572 3378 urcy‘ores,
596 3330 702 3365 cm
721 3315 1007 3377 dignitatem
1023 3316 1256 3380 ordonum,
1271 3332 1419 3367 sena-

357 3393 481 3441 torii
525 3405 729 3455 nempe,
752 3396 807 3440 et
844 3391 1119 3455 equestris,
1152 3399 1207 3441 et
1250 3392 1419 3456 plebis

357 3468 738 3532 distinguerent
782 3468 847 3517 ab
890 3467 1132 3531 invicem,
1173 3484 1273 3518 non
1315 3470 1418 3519 dis-

354 3546 567 3596 tinxisse
609 3546 926 3609 libertatem,
959 3554 1049 3594 ant
1086 3547 1295 3611 liberos,
1325 3547 1417 3597 sed

357 3625 543 3673 eamin
562 3622 791 3671 camunni
816 3622 1059 3685 pontium
1091 3622 1169 3670 ita
1190 3629 1250 3670 ut
1277 3623 1418 3672 ordi-

356 3699 508 3749 nibus
546 3699 784 3748 omnibus
821 3698 998 3747 liberis
1032 3699 1248 3760 perinde
1280 3714 1418 3748 com-

357 3776 522 3825 munis
562 3780 718 3835 esset,
761 3781 815 3822 et
853 3788 959 3823 non
1001 3775 1163 3838 magis
1202 3775 1254 3824 iu
1298 3790 1421 3839 uno,

356 3866 511 3917 quam
530 3852 586 3900 in
607 3850 710 3900 alio
724 3851 1061 3914 reperiretur,
1080 3864 1178 3899 nee
1194 3850 1417 3914 duplicis

357 3927 561 3992 generis
574 3926 779 3976 essetiu
800 3926 1004 3975 civibus
1017 3926 1251 3988 libertas3
1274 3926 1411 3992 quod

356 4011 533 4053 tamen
568 4007 800 4051 astruere
835 4002 957 4052 irati
998 4002 1162 4051 servis
1206 4002 1412 4064 patroni

355 4080 635 4131 volebant·
621 4115 637 4141 ,
691 4092 877 4143 nempe
916 4085 975 4128 ut
1023 4079 1152 4130 data
1199 4080 1412 4129 libertas

354 4158 589 4209 revocari
643 4163 837 4223 posset,
899 4156 1003 4206 alia
1061 4156 1412 4247 irrevocabilis

352 4232 507 4285 soret.
1065 4262 1072 4273 ·

1531 1116 1545 1129 ⁶
1588 1114 1872 1164 Libertatem
1907 1114 1961 1163 in
1997 1114 2250 1180 unm]
2278 1114 2395 1166 Cic.
2433 1130 2475 1167 1.
2506 1115 2574 1167 de

1516 1189 1751 1241 Officiis:
1785 1191 1802 1218 ‘
1822 1191 1956 1241 Sunt
1980 1198 2154 1240 antem
2194 1191 2400 1255 privata
2431 1193 2577 1244 nulla

1515 1273 1734 1327 natura3
1770 1266 1860 1314 sed
1900 1271 1990 1315 aut
2008 1267 2172 1316 veteri
2213 1268 2572 1332 occupatione,

1513 1348 1573 1391 ut
1596 1342 1681 1407 qui
1725 1343 1982 1406 quondam
2016 1341 2069 1390 in
2100 1356 2266 1392 vacua
2287 1349 2571 1404 venerunt3

1511 1424 1606 1468 aut
1627 1419 1785 1481 bello,
1809 1425 1867 1468 nt
1889 1418 1979 1482 qui
2001 1417 2223 1466 victoria
2242 1418 2399 1480 potiti
2419 1426 2569 1480 snut3

1509 1502 1601 1542 aut
1640 1496 1778 1556 lege,
1813 1500 1903 1542 aut
1952 1492 2214 1555 pactione,
2255 1493 2573 1558 conditione,

1508 1570 1689 1620 sorte.'

1574 1654 1600 1688 ¹1
1633 1645 2009 1712 Manundttendi
2029 1643 2353 1706 duosspecies]
2388 1644 2571 1694 Liber-

1510 1729 1589 1771 tas
1633 1721 1848 1785 duplex,
1873 1722 2031 1782 Juxta,
2067 1736 2159 1769 non
2190 1720 2347 1779 juda.
2409 1722 2572 1785 Just«,

1509 1815 1625 1863 quae
1663 1799 1892 1853 vindicta,
1927 1812 2080 1858 censu,
2116 1802 2395 1845 testamento
2426 1797 2568 1848 data,

1511 1875 1624 1922 Non
1638 1873 1784 1936 justa,
1800 1859 1925 1937 quae’
1940 1873 2075 1920 inter
2091 1873 2298 1935 amicos,
2318 1872 2370 1920 in
2394 1871 2573 1922 convi-

1507 1951 1614 2012 vio,
1633 1965 1730 2013 per
1752 1949 2024 2013 epistolam
2043 1948 2308 1997 tribuitur.
2396 1981 2408 1992 .

1575 2029 1776 2077 Seneca
1794 2027 1860 2075 de
1883 2027 2011 2074 Vita
2047 2026 2200 2075 beata
2230 2040 2278 2074 c.
2298 2030 2382 2075 24.
2415 2025 2433 2053 ‘
2457 2024 2570 2075 Ho-

1505 2104 1729 2151 minibus
1753 2102 2001 2166 prodesse
2025 2111 2214 2151 natura
2234 2101 2410 2165 jubet,
2431 2099 2568 2151 servi

1505 2180 1725 2229 liberive
1771 2181 1911 2239 sint;
1946 2179 2156 2241 ingenui
2196 2193 2261 2227 au
2299 2176 2563 2237 libertini3

1497 2256 1661 2319 justae
1696 2256 1972 2317 libertatis,
2001 2269 2066 2303 an
2099 2255 2240 2303 inter
2262 2255 2457 2303 amicos
2477 2253 2565 2301 da-

1504 2334 1608 2380 tae.’
1675 2331 1941 2394 Recteqne
1971 2328 2091 2377 libri
2134 2334 2338 2377 veteres
2368 2328 2566 2391 aliquot

1504 2406 1556 2453 iu
1594 2406 1827 2455 Suetonii
1851 2405 1988 2468 Aug.
2020 2419 2066 2453 c.
2089 2407 2172 2452 40.
2203 2402 2428 2452 ‘Servos
2461 2415 2564 2452 uon

1501 2489 1781 2532 contentus
1807 2483 1983 2530 multis
2004 2479 2395 2530 difficultatibus
2436 2494 2471 2528 a
2506 2479 2565 2528 li·

1504 2557 2000 2623 bertatemultoque
2020 2555 2253 2620 pluribus
2270 2569 2303 2603 a
2316 2553 2563 2605 liber-ute

1490 2633 1640 2696 justa
1662 2631 1978 2684 removisse?

1565 2710 1722 2760 Justa
1764 2710 1852 2758 illa
1898 2709 1985 2773 qui
2043 2705 2356 2770 manumissi,
2407 2707 2563 2770 plane

1501 2784 1757 2848 pleneque
1798 2783 1982 2832 liberi:
2026 2784 2115 2847 qui
2157 2782 2338 2843 altera,
2391 2783 2562 2832 vinclo

1502 2858 1669 2908 adhuc
1700 2859 1941 2921 quodam,
1956 2864 2017 2907 ut
2030 2857 2242 2907 Tacitus
2263 2858 2357 2919 ait,
2374 2858 2562 2906 attine-

1501 2934 1694 2984 bantur
1713 2934 1992 2983 servitutis.
2059 2934 2222 2982 Immo
2245 2932 2438 2981 retrahi
2472 2947 2561 2997 po·

1501 3017 1680 3059 terant
1700 3010 1753 3059 in
1774 3009 2098 3060 servitutem.

1568 3087 1933 3149 Fragmentum
1948 3085 2209 3152 quoddam
2224 3085 2260 3136 J
2265 3119 2279 3133 .
2291 3085 2351 3134 C.
2364 3083 2559 3134 veteris

1501 3177 1533 3211 a
1555 3156 1825 3212 Pute‘anoz
1857 3162 1872 3188 ‘
1896 3162 1969 3211 Hi
1994 3162 2081 3225 qui
2103 3161 2299 3211 domini
2326 3160 2559 3210 volunt&

1502 3244 1557 3287 te
1588 3238 1639 3286 in
1679 3238 1923 3287 libertate
1954 3244 2123 3299 erant,
2153 3236 2433 3293 manebant
2452 3249 2559 3286 ser-

1500 3313 1547 3363 vi
1571 3331 1589 3363 a
1621 3319 1678 3362 et
1693 3313 2084 3364 manumissores
2106 3311 2362 3361 audebant
2380 3312 2433 3360 in
2453 3326 2558 3361 ser-

1499 3392 1669 3439 vitute
1707 3389 1877 3436 denuo
1913 3402 2001 3436 eos
2042 3401 2146 3450 per
2190 3387 2293 3436 vim
2347 3385 2558 3437 duceres

1498 3464 1890 3516 luter-veniebat
1906 3463 2133 3524 Proetor,
2145 3470 2200 3511 et
2220 3475 2323 3510 non
2343 3462 2558 3526 permit·

1498 3542 1647 3592 tebat
1667 3540 2025 3591 manumissum
2050 3537 2281 3588 servire.’

1563 3620 1632 3667 Et
1671 3616 1819 3666 addit
1855 3620 2009 3679 postx
2041 3615 2057 3642 ‘
2076 3613 2180 3663 Sed
2202 3626 2338 3662 nuuc
2359 3612 2556 3663 habent

1494 3693 1760 3756 propriam
1782 3690 2076 3740 libertatem
2091 3689 2182 3754 qui
2200 3689 2343 3738 iuter
2362 3689 2553 3739 amieos

1492 3769 1943 3830 manu-ittuntur,
1982 3774 2040 3817 et
2056 3766 2190 3816 fiunt
2212 3767 2386 3816 Latini
2405 3766 2556 3818 Juni-

1493 3845 1616 3895 ani.’
1680 3844 1823 3893 Seite
1860 3857 2004 3906 ergo,
2041 3842 2110 3891 orb
2151 3844 2286 3891 hunc
2325 3842 2554 3906 iteratas,

1490 3922 1595 3989 (11ae
1617 3928 1735 3970 sunt
1776 3919 2080 3970 iterationes
2102 3932 2318 3983 quarum
2354 3920 2553 3969 mentio

1489 3997 1684 4051 Justin.
1696 3996 1904 4046 Novell-
1916 3994 2175 4053 Lxxvtu.)
2184 3993 2442 4043 servitutis
2449 4007 2555 4044 me-

1492 4081 1622 4136 tum,
1643 4072 1905 4122 Messenio
1927 4084 2105 4120 servus
2128 4069 2267 4134 apud
2285 4068 2550 4131 Plautum,

1491 4149 1584 4214 qui
1624 4148 1763 4197 inter
1795 4146 1983 4197 amicos
2022 4144 2358 4194 manumissus
2390 4142 2551 4207 subji-

1488 4227 1565 4278 cit
1580 4243 1597 4278 ι
1627 4225 1643 4255 ‘
1665 4225 1771 4278 Sed
1799 4224 2019 4276 meliore
2044 4230 2130 4275 est
2147 4237 2279 4290 opus
2297 4221 2553 4287 auspicio,
