3100 4925
425 447 479 517 δ’.
503 423 564 514 c.
589 437 702 525 s‘o.]'

1095 416 1540 501 ''Al-inanum
1584 442 1739 498 Lib.
1783 449 1957 497 xm.

2442 415 2614 494 1429

387 585 392 589 ’
421 590 618 669 'tium’
635 580 1240 687 juraro‘prohibuit
1263 593 1307 660 :f
1342 595 1599 677 magnis
1636 585 1915 658 Patrum
1952 585 2287 665 lauflil›u3‚
2310 593 2386 653 ut
2404 587 2409 591 ’
2421 588 2614 671 juve-

420 703 579 774 nilis
605 704 883 779 animuS,
906 700 1154 794 levium
1183 713 1448 780 quoque
1475 714 1689 759 rerum
1721 693 1928 775 gloria
1969 692 2296 769 sublatus,
2325 689 2614 773 majores

423 915 478 990 {n
497 941 604 986 acta
623 937 972 999 imperatorum,
994 932 1145 982 vetuit
1170 932 1332 981 Coesoer
1352 930 1602 994 collegam
1626 927 1906 978 Antistium
1931 926 2111 990 Jurare
2131 922 2184 971 in
2208 937 2300 971 sua
2319 925 2435 970 acta
2454 935 2468 981 ;
2490 897 2615 972 eum,-

424 1015 511 1065 φα
530 1000 649 1052 ideo
664 999 914 1065 magnifice
933 996 1185 1049 mouebat
1204 1000 1409 1061 senatus,
1428 1001 1482 1045 ut
1493 995 1682 1056 juvenis
1701 995 1971 1056 imperator,
1991 989 2277 1040 modicarum
2297 986 2439 1037 etiam
2459 997 2616 1037 rerunt

1417 1161 1632 1215 NOTAE

427 1329 690 1398 Asprenas
729 1329 873 1396 Coss.
909 1330 1117 1394 inacta
1143 1324 1335 1376 Tiberii
1376 1339 1479 1376 uon

411 1391 693 1470 juraver'e:
745 1420 905 1469 quare
948 1406 1096 1453 irrita
1136 1401 1312 1451 habita
1341 1407 1480 1463 sunt,

421 1494 590 1547 neque
628 1495 691 1530 ea
724 1481 858 1530 ullus
902 1481 1185 1544 imperator
1223 1482 1481 1540 recenset,

423 1556 616 1606 cumin
639 1571 732 1622 sua
753 1555 1112 1619 actajuratur.

423 1625 444 1693 ζ,
489 1632 506 1659 ‘
525 1631 723 1698 yet-nm
746 1631 812 1680 de
830 1629 1069 1702 Augusto
1093 1628 1323 1694 Gaioque
1362 1628 1483 1678 reli·

424 1721 530 1772 qua
563 1721 660 1770 pro
699 1720 837 1756 more
872 1705 1029 1769 facta,
1042 1706 1379 1769 juratumqne
1413 1704 1480 1754 ab

422 1779 696 1844 omnibus,’
732 1781 829 1831 διο.
892 1782 1119 1831 Dixerat
1171 1781 1282 1844 ipse
1324 1779 1480 1842 'l'ibe-

423 1855 547 1918 rlus,
569 1857 585 1885 ‘
608 1856 848 1923 exempli
880 1869 1031 1904 causa
1071 1853 1374 1915 cavendum,
1413 1867 1478 1903 ne

423 1944 481 1980 se
512 1937 720 1980 senatus
741 1932 797 1979 in
820 1931 1115 1994 cujusquam
1138 1936 1255 1978 acta
1287 1928 1480 1992 obliga-

423 2011 524 2069 ret,
541 2007 629 2071 qui
664 2006 838 2072 aliquo
871 2020 994 2056 casu
1029 2004 1218 2055 mutari
1251 1995 1428 2070 posset
1447 2002 1482 2054 ε’

422 2082 574 2132 testis
599 2083 810 2133 Sueton.

488 2158 831 2209 Nihilominus
873 2157 1108 2221 invaluit,
1156 2164 1216 2208 ut
1259 2157 1314 2210 in
1357 2157 1477 2208 novi

422 2229 668 2298 principis
705 2240 823 2285 acta
849 2234 1131 2298 juraretur.
1198 2235 1282 2283 Sic
1320 2248 1479 2297 supra

420 2310 460 2359 1.
496 2323 560 2360 11.
581 2310 811 2374 juratum
853 2310 908 2358 in
946 2317 1066 2360 aeta
1098 2310 1298 2360 Tiberii
1340 2309 1478 2372 apud

422 2385 668 2449 Dionem,
692 2386 926 2450 juratum
962 2387 1015 2434 in
1053 2391 1172 2434 acta
1194 2385 1475 2448 Caligulm3

418 2461 516 2512 lioc
557 2463 674 2513 loco
706 2463 942 2528 juratum
984 2462 1038 2512 in
1079 2467 1198 2513 acta
1239 2461 1478 2513 Neronis.

429 2538 730 2591 Vertrauim.

459 2615 509 2688 ,ἆ
542 2619 605 2667 In
624 2612 706 2666 sua
726 2616 858 2679 acta]
891 2617 1059 2681 Igitur
1078 2617 1133 2665 in
1169 2621 1287 2666 acta
1309 2617 1476 2666 Nero·

420 2693 498 2744 nis
535 2695 622 2745 alii
656 2700 834 2759 patres
873 2699 1306 2759 magistratusque
1329 2695 1477 2759 jura·

420 2786 578 2833 Vere'3
605 2779 661 2822 at
676 2773 927 2836 collegam
946 2773 1208 2821 consulem
1223 2771 1272 2819 in
1293 2770 1475 2820 eadem

421 2849 726 2914 actajnrare
746 2849 934 2912 vetuit,
957 2862 1141 2911 nempe
1165 2848 1228 2897 ob
1253 2846 1474 2910 dignita·

418 2930 525 2974 tem
566 2925 882 2985 consulatus,
929 2929 1342 2986 potestatemque
1376 2937 1479 2986 qua
1517 2976 1527 2983 ὦ

420 2997 535 3049 fere
573 2999 768 3051 Caesari
808 2999 1143 3062 aequabatur3
1198 3004 1253 3048 et
1291 2997 1476 3062 reipsa,

420 3074 463 3135 gi
489 3076 667 3125 consul
678 3076 823 3139 juret
843 3075 894 3123 iu
918 3080 1037 3124 acta
1058 3072 1270 3123 alterius
1293 3087 1475 3122 consu-

416 3150 613 3213 lis,.seu
654 3151 886 3212 collegae,
908 3149 1019 3198 siue
1056 3154 1319 3211 potestate
1355 3147 1474 3208 erit,

418 3235 474 3281 et
499 3228 645 3294 quasi
668 3226 764 3276 sibi
780 3227 908 3290 ligat
927 3225 1039 3288 ipse
1061 3238 1260 3274 manus.

483 3311 507 3338 θ
539 3305 600 3354 In
620 3319 705 3354 suu
726 3308 836 3352 acta
863 3304 1087 3364 collegam
1106 3300 1372 3353 Antistium
1393 3300 1477 3362 ja·

416 3396 527 3435 rare
538 3380 803 3445 prohibuit]
823 3377 1042 3441 Puto‚id
1060 3392 1153 3442 per
1169 3376 1476 3428 modestiam

419 3465 476 3508 et
510 3457 852 3508 reverentiam
887 3455 939 3504 in
973 3455 1253 3518 collegam3
1286 3467 1475 3517 nempe

421 3533 541 3598 qnia
564 3533 819 3583 Antistius
864 3531 1063 3593 consul,
1095 3537 1151 3580 et
1189 3529 1302 3580 fere
1336 3531 1474 3593 paris

421 3609 749 3658 auctoritatis
770 3608 825 3656 in
845 3607 1045 3672 Repub.
1066 3621 1127 3657 ac
1157 3619 1223 3654 ne
1255 3606 1477 3655 auctori-

419 3692 502 3735 tas
536 3684 628 3734 illa
664 3683 1052 3748 infringeretur,
1073 3690 1129 3733 et
1168 3689 1281 3732 tota
1313 3682 1475 3732 veluti

420 3762 667 3814 transiret
704 3760 768 3810 ad
808 3775 944 3822 eum,
964 3760 1112 3822 cujus
1152 3766 1274 3809 acta
1305 3758 1475 3808 omnia

420 3845 536 3889 rata
572 3843 629 3887 et
651 3843 978 3887 sacrosancta
1010 3836 1186 3884 statim
1220 3833 1473 3884 habereu-

420 3922 522 3969 αυτ.
586 3913 796 3967 Idcirco
830 3911 1095 3975 prohibuit
1115 3911 1365 3972 collegam
1391 3910 1476 3974 ju-

420 4005 538 4042 rare
582 3991 634 4040 iu
675 4004 770 4039 sua
807 3988 1096 4049 aeta;-sed,
1131 3985 1477 4047 nihilominus,

419 4068 586 4120 ceteri
626 4072 803 4131 patres
838 4071 893 4114 et
934 4064 1227 4114 consulares
1264 4064 1318 4112 in
1358 4069 1478 4112 acta

420 4143 669 4211 principis
700 4149 756 4191 et
768 4139 1087 4205 superiorum
1110 4140 1476 4203 imperatorum

408 4222 672 4288 jurarunt.
929 4246 935 4251 ·
1109 4247 1116 4253 ·
1425 4250 1430 4259 .

484 4296 548 4350 ld
583 4294 719 4347 enim
741 4291 1014 4361 quotannis
1035 4289 1384 4357 observatum,
1416 4295 1476 4342 ut

1558 1323 1679 1373 Kal.
1704 1321 1897 1373 samin
1940 1325 2061 1370 acta
2102 1317 2395 1381 principum
2438 1315 2613 1381 adige·
2706 1343 2711 1348 ·

1557 1392 1757 1448 rent'ur'
1784 1403 1959 1462 patres
2006 1393 2357 1459 praeeuntibus
2400 1391 2619 1441 consuli-

1558 1476 1673 1539 bus,
1693 1472 2007 1533 universim;
2037 1472 2110 1520 ita
2132 1476 2192 1519 ut
2221 1484 2377 1519 unum
2399 1473 2456 1518 et
2476 1468 2614 1518 idem

1561 1557 1702 1602 esset
1745 1556 2121 1599 sacramentum
2173 1546 2332 1595 totius
2387 1548 2618 1607 senatus,

1563 1626 1701 1692 quod
1753 1626 1902 1676 simul
1956 1637 2131 1674 omues
2186 1621 2617 1684 pronuntiarent3

1561 1711 1745 1769 postea
1785 1710 1958 1754 tamen
2014 1716 2110 1764 pro
2154 1699 2369 1749 libidine
2408 1696 2616 1762 imperi-

1561 1782 1718 1832 tantis
1759 1778 2025 1845 principis,
2062 1778 2220 1828 etiam
2254 1777 2441 1840 singuli
2471 1777 2613 1840 jnra-

1561 1858 1689 1909 bant
1711 1855 1923 1908 seorsim
1954 1862 2010 1904 et
2047 1853 2330 1917 sigillatim,
2353 1852 2419 1901 ad
2459 1851 2615 1917 majo-

1558 1949 1668 1984 rem
1689 1933 1994 1983 cantionem.
2628 1927 2634 1932 '

1622 2009 1646 2041 f
1667 2012 1847 2059 durare
1861 2006 2128 2073 prohibuit]
2161 2006 2298 2060 Quia
2329 2020 2513 2071 nempe
2540 2005 2615 2056 sic

1559 2087 1886 2139 clementiam
1923 2085 2172 2148 principis
2207 2085 2373 2145 Nero,
2396 2090 2451 2132 et
2475 2082 2613 2147 prin-

1557 2164 1802 2227 cipatum,
1812 2161 2163 2225 egrederetur,
2174 2159 2261 2223 qui
2274 2172 2376 2208 non
2387 2156 2614 2207 destruit

1555 2238 1856 2287 libertatem
1899 2236 2090 2285 civium
2145 2242 2470 2299 patrumque.
2539 2235 2611 2286 Et

1532 2310 1660 2363 ‘vim
1686 2311 1875 2361 inferre
1899 2310 2163 2360 videretur
2184 2310 2399 2373 collegae
2432 2324 2613 2360 consu·

1529 2404 1533 2408 ·
1555 2389 1611 2450 li,
1628 2388 1717 2453 qui
1734 2387 1809 2436 sic
1831 2401 1933 2435 non
1954 2385 2175 2435 haberet
2198 2385 2496 2435 libertatem
2526 2400 2615 2436 no-

1558 2481 1658 2531 que
1697 2464 2058 2515 auctoritatem
2093 2463 2247 2512 ullam
2271 2461 2532 2513 referendi
2560 2480 2613 2512 a·

1459 2586 1470 2594 .
1554 2539 1663 2605 pud
1686 2545 1879 2604 patres,
1894 2546 1984 2589 aut
2001 2536 2238 2587 edicendi
2262 2537 2337 2587 ad·
2350 2539 2615 2604 populum,

1554 2632 1723 2682 neque
1746 2615 2033 2666 obsistendi
2053 2615 2205 2665 dictis
2225 2614 2482 2679 factisque
2506 2616 2614 2665 col·

1555 2695 1706 2758 legae,
1727 2700 1788 2744 ut
1830 2695 1916 2758 qui
1947 2694 2059 2757 jam
2094 2705 2158 2741 ea
2179 2701 2234 2741 se
2256 2688 2636 2757 quoquomodo'

1557 2771 1962 2836 approbaturum
1977 2769 2225 2832 jurasset.

1558 2869 1567 2873 -
1618 2847 1757 2899 Quid
1770 2847 1881 2911 jam
1902 2845 1991 2895 ille
2014 2843 2188 2894 consul
2211 2842 2266 2891 in
2288 2840 2493 2905 Repub.
2522 2842 2613 2907 qui

1554 2924 1679 2974 nihil
1709 2924 1901 2986 dicere,
1923 2921 2118 2984 facere,
2139 2927 2230 2970 ant
2249 2920 2504 2985 imperare
2524 2934 2617 2984 po·

1556 3006 1679 3065 test,
1703 3001 1797 3050 uisi
1830 2998 2172 3064 approbante,
2193 2997 2295 3047 vel
2311 2996 2484 3062 potius
2520 2995 2616 3062 im-

1555 3083 1772 3144 perante
1793 3078 1991 3140 collega
2012 3078 2032 3125 ?

1562 3171 1566 3175 ’
1618 3156 1749 3205 'Pum
1770 3154 1883 3203 dici‘
1900 3152 2088 3218 potnit,
2106 3149 2247 3217 quod
2271 3151 2392 3201 olim
2410 3149 2476 3201 de
2494 3164 2616 3223 con·

1552 3234 1723 3283 sulatu
1748 3230 1963 3282 Caesaris
1985 3235 2040 3279 et
2063 3228 2254 3279 Bibuli.
2308 3229 2447 3277 Nam
2465 3226 2617 3278 omis·

1554 3326 1613 3360 so
1636 3315 1918 3373 spretoque
1938 3305 2149 3367 Bibulo,
2170 3303 2331 3352 fastos
2353 3301 2611 3353 notabant

1552 3385 1734 3435 talium
1757 3382 2030 3444 derisores,
2043 3379 2179 3430 Julio
2213 3383 2264 3427 et
2286 3378 2476 3427 Goesare
2510 3393 2614 3429 con-

1552 3459 1746 3510 sulibus.
1810 3458 1957 3506 Suet.

1619 3536 1799 3583 Jurare
1814 3529 2085 3596 prohibuit]
2108 3530 2263 3583 Quod
2275 3544 2485 3580 summae
2506 3543 2616 3580 mo·

1556 3611 1741 3662 destiae
1759 3610 1862 3660 fnit
1898 3609 1951 3657 in
1977 3607 2248 3673 principe;
2285 3606 2405 3671 quia
2424 3619 2613 3674 nempe

1560 3686 1812 3737 Antistius
1836 3685 2034 3748 collega
2053 3682 2232 3746 ipsius,
2255 3683 2377 3747 quia
2412 3683 2615 3747 consul,

1555 3771 1612 3815 et
1632 3764 1708 3813 sic
1731 3776 1980 3811 summum
2017 3761 2072 3809 iu
2097 3758 2299 3823 Repub.
2319 3759 2615 3824 imperium,

1557 3846 1612 3891 et
1625 3838 1736 3897 fere
1759 3853 1856 3903 par
1870 3836 2094 3901 principi
2109 3836 2302 3885 habere
2316 3835 2611 3887 videbatur.

1622 3917 1693 3966 Et
1715 3914 1970 3979 quomodo
1991 3913 2188 3976 consul,
2208 3919 2265 3962 et
2284 3913 2373 3977 qui
2389 3925 2616 3964 summus

1555 3992 1609 4041 iu
1631 3991 1835 4054 Repub.
1857 3990 2205 4053 magistratus,
2223 3989 2266 4037 si
2295 3989 2348 4038 in
2369 3996 2490 4039 acta
2523 3990 2620 4053 poni

1557 4067 1795 4117 tentioris
1813 4066 1991 4131 jurare
2027 4065 2269 4128 cogitur?
2334 4065 2453 4117 Hac
2483 4064 2617 4128 sapi-

1557 4143 1716 4205 entia,
1749 4143 1845 4192 hac
1883 4140 2135 4191 modestia
2165 4139 2476 4205 adaequabat
2494 4141 2618 4189 Tra-

1457 4228 1468 4253 t
1548 4220 1731 4284 janum
1753 4219 1918 4282 Nero,
1934 4223 2027 4268 ant
2062 4216 2222 4267 etiam
2242 4215 2539 4283 superabat,
2571 4216 2615 4268 si

1558 4301 1959 4362 perseverasset.
2028 4318 2034 4323 ·
