3100 4925
383 431 730 515 simam*

1075 421 1489 495 Assiduum
1536 425 1687 494 mu}
1735 427 1910 495 xu'r.

2417 411 2605 500 mr·-

409 581 579 656 ¹16¹.
621 561 785 656 Mos
851 585 1237 668 habebatur,
1312 585 1729 680 Principum·
1771 587 2018 654 llberos
2093 589 2271 655 euml
2319 591 2607 658 ceteris&

384 671 570 758 iilen'i
607 692 827 758 aetatis
871 685 1206 756 nobilibus
1252 690 1555 755 sedentes
1602 691 1811 771 ves'ci,
1814 699 1841 738 ‘¹
1887 692 1957 756 iti
1994 698 2272 832 aspectu
2315 693 2603 779 propin..

445 883 748 956 Commio
764 894 888 957 erat,
909 890 1079 940 liberos
1094 885 1722 955 ionperitoentiumcumcliis
1742 889 1948 954 ducam
1967 885 2408 941 misimur-ibus
2427 892 2605 958 μονὴ

1373 1063 1598 1116 NOTAE

379 1173 475 1223 bus
525 1175 659 1225 vasis
705 1176 855 1240 plura
890 1165 1093 1227 venena
1131 1178 1436 1244 proeparari,

378 1239 469 1302 seu
490 1253 646 1303 etiam
680 1255 729 1303 iu
755 1254 935 1315 eadem
965 1258 1065 1306 olla
1086 1257 1309 1324 decoqui
1348 1272 1436 1321 po-

378 1328 496 1379 tuit
519 1327 819 1394 multiplicis
861 1329 1054 1396 speciei
1093 1334 1251 1397 virus,
1291 1331 1436 1399 quod

377 1420 563 1471 nempe
584 1415 725 1458 esset
746 1409 887 1459 aliud
908 1410 1013 1460 alio
1034 1411 1286 1475 rapidius,
1319 1427 1437 1518 pro·

378 1487 437 1534 ut
457 1483 578 1549 igue
596 1492 889 1548 urgeretur.

437 1559 628 1624 Itaque
649 1560 901 1625 decoctis,
921 1576 1012 1612 seu
1028 1562 1260 1627 pluribus
1282 1578 1435 1615 vene·

374 1635 474 1700 nis,
490 1651 583 1686 seu
603 1636 914 1701 multiplicis
927 1640 1329 1704 temperamenti
1350 1657 1434 1691 ve-

374 1724 533 1773 neno,
568 1711 825 1776 ejusmodi
859 1727 1056 1765 venena
1077 1717 1280 1780 experti
1312 1724 1435 1769 sunt

374 1785 598 1838 artifices
615 1787 668 1837 iu
690 1787 859 1851 lraedo,
890 1789 1012 1839 dein
1034 1792 1162 1842 etin
1183 1794 1432 1857 porcello,

374 1868 434 1913 et
470 1857 675 1924 edm-‘tis
711 1863 814 1914 illis
851 1868 1057 1930 caenis,
1098 1868 1336 1933 rapidum
1376 1877 1433 1920 et

371 1938 595 1988 maxime
610 1952 846 2004 preceps
863 1939 1185 2009 delegerunt,
1202 1959 1302 2008 quo
1316 1945 1430 1994 Bri-

372 2014 638 2064 tannicum
658 2024 910 2067 necarent
930 2017 1043 2082 ipso
1067 2018 1301 2070 instanti.

438 2091 659 2154 Cognitis
707 2097 849 2142 antea
898 2094 1109 2159 venenis]
1184 2097 1430 2162 Vertuut,

370 2165 516 2230 quasi
542 2168 778 2219 coxerint
795 2175 968 2238 autea,
989 2169 1296 2237 eipertiqne
1320 2170 1430 2224 fue-

369 2242 476 2292 rint
494 2243 656 2293 multa
674 2258 890 2309 venena,
921 2253 977 2296 et
1006 2262 1072 2296 ex
1092 2248 1168 2297 his
1200 2249 1429 2312 expertis

369 2318 601 2380 venenis,
622 2315 998 2385 rapidissimum
1022 2323 1331 2390 delegerint.

430 2394 536 2446 Sed
556 2396 692 2447 forte
729 2400 905 2464 potuit
937 2416 1093 2451 unum
1119 2410 1177 2453 et
1198 2403 1332 2453 idem
1356 2404 1428 2455 vi·

367 2464 453 2521 rus
474 2475 718 2539 excoqui,
758 2475 851 2526 sed
888 2491 951 2526 eo
995 2479 1130 2542 qnod
1169 2479 1427 2532 delectum

367 2544 450 2598 est
479 2551 691 2614 cognito
713 2553 876 2616 prius,
914 2560 1074 2617 prout
1107 2556 1430 2621 coquebatur

368 2628 460 2674 aut
480 2625 811 2692 miscebatur,
847 2636 1012 2694 qnam·
1023 2630 1132 2681 vim
1163 2639 1253 2682 aut
1291 2634 1429 2697 rupi·

368 2698 583 2750 (litatem
606 2702 841 2753 haberet.
887 2705 1003 2755 Nec
1025 2706 1290 2758 desierunt
1313 2720 1428 2772 pes-

365 2774 432 2824 tis
464 2775 600 2826 illius
635 2777 867 2829 artifices
895 2781 1253 2833 vehementius
1290 2785 1430 2835 iuco-

365 2864 543 2915 qnere,
580 2859 670 2903 aut
701 2854 1006 2907 violentiora
1040 2859 1319 2922 pharmaca
1357 2860 1432 2911 af-

366 2925 587 2979 fundere
671 2931 936 2994 invicem,
977 2941 1242 3000 quousque·
1305 2936 1432 2988 ferri

368 3004 671 3054 violentiam
748 3008 1105 3076 saevitiamque
1192 3009 1427 3079 adaeqna-

366 3087 468 3131 ret.

399 3156 644 3220 Cognitis
655 3163 797 3209 antec
809 3161 1000 3210 umentis
1013 3163 1256 3228 rapidum]
1271 3165 1426 3229 Quia,

361 3240 422 3285 ut
443 3235 602 3286 babet
622 3237 913 3302 Suetonius,
937 3239 1074 3289 virus
1107 3240 1236 3290 illud
1272 3247 1427 3292 antea

363 3313 568 3376 experti
603 3317 758 3364 ‘eraut
795 3313 849 3363 iu
889 3314 1195 3378 corporibus
1236 3317 1424 3367 auima-

360 3384 482 3437 lium
503 3404 517 3448 ;
570 3388 732 3451 igitur
749 3390 1052 3455 recoquitur
1070 3389 1231 3455 virus,
1249 3392 1425 3456 explo-

355 3463 487 3513 ratis
510 3469 681 3531 autea,
697 3480 702 3487 ·
721 3472 778 3515 et
798 3466 1157 3531 praecogultis,
1192 3482 1255 3517 uc
1280 3468 1423 3532 prius

358 3539 589 3601 expertis
632 3541 867 3604 venenis,
906 3541 1330 3592 violentissimum
1367 3551 1425 3594 et

357 3614 578 3666 maxime
602 3624 1035 3680 praesentaneum.
1089 3638 1093 3643 ’

421 3691 583 3754 Puto,
622 3697 779 3756 prout
816 3693 1246 3760 decoquebantur
1292 3711 1423 3761 pm·

357 3766 775 3832 parabanturque
797 3782 1011 3834 venena,
1041 3775 1151 3820 tum
1175 3777 1232 3821 et
1252 3785 1316 3823 ea
1337 3786 1425 3821 ex-

356 3840 672 3906 plorabaut3
704 3848 761 3892 et
796 3843 891 3908 sic,
931 3847 1154 3909 cognitis
1178 3850 1298 3899 aute
1319 3847 1425 3899 vio-

356 3918 521 3969 lentia
538 3925 595 3969 et
616 3919 911 3985 rapiditate,
927 3922 1064 3987 quod
1081 3921 1186 3974 fuit
1203 3925 1423 3975 maxime

354 3995 642 4046 violentum
657 3995 993 4067 rapidumque
1009 3999 1262 4065 seligunt:
1282 4001 1423 4067 quod

355 4068 496 4121 forte
536 4085 633 4135 pro
657 4072 821 4136 gradu
843 4073 1031 4124 caloris
1053 4079 1110 4124 et
1131 4078 1421 4128 concoctio·

354 4147 464 4209 nis,
481 4153 578 4197 aut
612 4146 869 4199 facultate
892 4146 1247 4202 medicaminis
1278 4153 1419 4203 adlii·

353 4219 476 4283 biti,
498 4219 909 4291 distinguebant,
940 4224 1103 4276 veluti
1124 4228 1299 4292 plures
1327 4243 1420 4280 νε

351 4297 472 4349 ueni
490 4298 750 4365 species.
821 4318 832 4327 ⁸
884 4314 893 4329 ⁴
1321 4330 1326 4341 ·

1576 1178 1667 1229 Sic
1696 1179 1917 1232 Quintil.
1956 1180 2193 1229 Declam.
2234 1182 2352 1229 246.
2388 1178 2599 1246 *Βώρῳ

1514 1253 1570 1303 in
1592 1256 1808 1317 scelere,
1831 1255 2037 1305 virtutis
2060 1262 2142 1304 est
2163 1269 2314 1305 nosse
2336 1254 2596 1326 modum&

1515 1330 1588 1379 Et
1610 1331 1741 1381 Dec.
1761 1327 1877 1379 350.
1918 1332 1934 1359 ‘
1956 1319 2281 1380 Veneriorum
2321 1329 2473 1394 plura
2496 1343 2584 1396 ge·

1515 1420 1663 1468 nera,
1684 1405 1832 1469 plura
1850 1405 2055 1455 nomina
2078 1413 2219 1469 suut,
2257 1404 2453 1456 diversi
2487 1406 2584 1457 eti·

1517 1495 1603 1531 am
1624 1480 1876 1532 affectus:
1914 1481 2054 1531 aliud
2078 1498 2146 1533 ex
2176 1483 2436 1533 radicibus
2469 1484 2585 1534 her-

1517 1556 1694 1607 barum
1728 1558 2068 1621 contrahitur,
2100 1558 2239 1607 aliud
2261 1573 2330 1608 ex
2353 1559 2608 1610 animali--

1516 1632 1614 1682 bus
1636 1631 1914 1683 mortiferis
1955 1641 2284 1684 reservatur:
2320 1641 2443 1684 suut
2465 1649 2585 1700 quae

1515 1708 1689 1757 calore
1707 1708 1865 1757 nimio
1886 1709 2064 1758 vitalia
2086 1708 2341 1760 exurant?

1578 1784 1801 1846 Cognitis
1842 1789 1984 1846 antea
2038 1784 2244 1847 venenis]
2310 1783 2473 1836 Patet
2515 1800 2583 1837 ex

1514 1861 1726 1909 Sueton.
1750 1860 1879 1910 Ner.
1903 1863 1984 1910 33.
2007 1857 2167 1909 fuisse
2190 1875 2345 1910 unum
2365 1868 2419 1911 et
2442 1861 2581 1912 idem

1511 1951 1787 1998 venenum,
1822 1937 1913 1987 sed
1937 1925 2099 2001 magis
2122 1939 2390 2003 magisque
2410 1952 2583 1992 recoc-

1512 2020 1640 2076 tum,
1683 2018 1742 2061 ut
1775 2012 2006 2076 rapidius
2038 2018 2214 2062 esset:
2249 2013 2265 2040 ‘
2291 2009 2583 2080 coegitque

1513 2103 1571 2138 se
1614 2102 1788 2139 eoram
1828 2090 1882 2137 in
1924 2079 2166 2138 cubiculo
2211 2104 2364 2153 quam
2405 2096 2582 2153 posset

1510 2165 1891 2215 velocissimum
1945 2173 2006 2215 ac
2041 2157 2457 2229 praesentaneum
2495 2181 2584 2217 co

1514 2245 1701 2306 quere.
1761 2240 1952 2289 deiude
2011 2240 2065 2289 iu
2107 2240 2259 2290 haedo
2313 2246 2584 2308 expertus,

1509 2326 1788 2384 postquam
1809 2319 1852 2367 is
1877 2318 2103 2384 quinque
2121 2319 2271 2368 horas
2294 2320 2583 2383 protraxit:

1508 2395 1699 2444 iterum
1724 2408 1786 2445 ac
1817 2393 2006 2458 saepius
2048 2400 2315 2445 recoctum
2351 2396 2579 2461 porcello

1508 2470 1725 2535 objecit.
1792 2471 1914 2522 Quo
1932 2471 2116 2520 statim
2152 2472 2464 2536 exanimato,
2498 2473 2578 2522 in·

1510 2545 1636 2602 fetri
1671 2546 1724 2596 iu
1765 2544 2069 2609 triclinium,
2114 2546 2329 2612 darique
2352 2547 2582 2598 coemnti

1510 2635 1687 2672 secum
1722 2621 2028 2672 Britannico
2053 2621 2368 2686 imperavit?

1573 2705 1601 2740 Ρ
1639 2699 1761 2748 Cum
1782 2697 1972 2761 ceteris]
2005 2698 2070 2749 In
2096 2699 2282 2762 quibus
2303 2698 2471 2760 Titus,
2492 2699 2581 2763 qul

1509 2788 1630 2824 mox
1653 2775 1948 2838 imperavit,
1985 2775 2081 2838 qui*
2109 2780 2166 2823 et
2186 2774 2359 2824 hausit
2375 2781 2581 2839 partem

1511 2853 1716 2903 veneni.
1782 2853 1997 2902 Sueten.
2020 2852 2076 2901 iu
2096 2852 2240 2904 Tito.

1574 2938 1601 2972 ⁴¹
1632 2930 1863 2980 &dentes
1881 2928 2031 2993 vesci]
2078 2929 2293 2980 Suetou.
2315 2943 2474 2993 super
2494 2944 2579 2982 eo·

1512 3007 1632 3057 dem
1654 3007 1761 3057 ritu
1798 3004 2005 3056 Claudii
2046 3020 2095 3056 c.
2116 3009 2203 3055 32.
2238 3006 2254 3035 ‘
2279 3005 2582 3059 Adhibebat

1510 3083 1648 3134 omui
1671 3096 1832 3133 coeuoe
1870 3082 2063 3133 liberos
2096 3096 2216 3132 suos
2252 3097 2371 3132 cum
2405 3084 2581 3147 pueris

1509 3159 1796 3224 puellisque
1820 3159 2099 3221 nobilibus,
2119 3160 2210 3223 qui
2229 3172 2374 3210 more
2398 3162 2583 3224 veteri,

1508 3236 1574 3286 ad
1590 3235 1758 3288 fulcra
1772 3240 2027 3287 lectorum
2043 3239 2286 3289 sedentes
2303 3252 2580 3291 vesceren-

1505 3311 1628 3362 turs'
1696 3312 1845 3362 Idem
1868 3314 1920 3362 iu
1944 3313 2182 3376 Augusto
2204 3328 2249 3365 c.
2272 3320 2354 3367 64.
2388 3316 2457 3366 de
2489 3332 2579 3367 ne-

1504 3387 1717 3452 potibus
1739 3390 1885 3452 ejus:
1918 3388 1936 3417 ‘
1962 3390 2149 3454 Neque
2187 3392 2417 3442 coenavit
2454 3407 2575 3457 uua,

1503 3465 1606 3516 uisi
1645 3467 1702 3517 iu
1744 3466 1847 3516 imo
1881 3468 2023 3518 lecto
2061 3468 2393 3522 assiderent!
2467 3471 2575 3521 Ubi

1504 3543 1817 3606 scripserim,
1839 3544 1933 3593 nisi
1952 3550 2006 3594 at
2027 3546 2139 3596 imo.

1510 3649 1523 3656 -
1568 3614 1650 3670 Ei
1671 3619 1860 3684 quibus
1885 3620 2046 3685 vides,
2067 3636 2255 3685 pueros
2277 3622 2477 3675 sedisse
2507 3625 2575 3678 ad

1502 3694 1672 3746 fulera
1706 3688 1967 3761 pedesque
1994 3707 2283 3760 pareutum.
2346 3700 2574 3764 Sedisse,

1501 3771 1643 3822 dico.
1707 3773 2036 3836 Spernebaut
2073 3773 2211 3823 enim
2249 3775 2407 3826 etiam
2444 3783 2571 3830 tnnc

1504 3846 1802 3898 accubitum
1831 3863 1867 3898 a
1897 3847 2093 3912 pueris,
2127 3864 2160 3898 a
2192 3852 2387 3901 servis·
2426 3855 2572 3919 quasi

1502 3925 1723 3975 luxuriae
1746 3926 1903 3976 ritum
1935 3925 2012 3975 illi
2044 3928 2191 3978 aetati
2212 3924 2448 3982 ordiuive
2468 3936 2574 3983 don

1501 3996 1772 4051 decorum.

1499 4092 1507 4103 ·
1566 4078 1654 4127 De
1670 4078 1836 4127 servis
1854 4078 2076 4129 Plautus
2093 4078 2307 4130 Sticho·
2341 4084 2357 4111 ‘
2382 4081 2569 4133 Potius

1500 4154 1552 4203 iu
1574 4152 1829 4205 subselliis
1852 4155 2050 4218 Cynice
2070 4155 2571 4222 accipiemur‚quam

1500 4230 1558 4278 in
1579 4230 1757 4281 lecto!
1819 4230 1966 4281 Idem
2007 4231 2205 4281 Persa:
2251 4236 2265 4259 ⁴
2294 4233 2412 4282 Non
2451 4242 2572 4298 pot·

1498 4304 1897 4373 tulo-equidem
1931 4307 2063 4358 med*
2094 4308 2149 4360 in
2176 4307 2331 4360 ‘lecto
2366 4316 2572 4363 aecum
