3100 4925
1127 356 1194 406 Θ.
1242 352 1611 409 ΟΟΕΝΕΙᾸῙ
1659 348 1921 412 'raum

419 342 596 417 m

499 508 640 578 4ss
661 509 984 593 Digressu
1013 501 1455 580 Centurionis„
1480 501 1663 566 velut
1691 498 1988 564 custode¹
2003 506 2031 546 Υ
2060 499 2408 565 exsolutus
2431 499 2629 564 Pras-

415 615 657 692 fectuS,
681 610 924 677 hortari
955 606 1381 674 Mithridaten
1411 603 1496 667 ad
1516 601 1951 666 sanciendum
1977 601 2223 682 foedus,
2255 606 2276 635 ‘
2309 604 2627 688 conjunc-

418 719 663 784 tionem
688 714 984 791 fratrum,
1024 729 1105 774 ac
1154 710 1436 793 priorem
1490 709 1692 769 aetate
1741 704 2254 779 Pharasmanen,
2296 711 2363 772 et
2413 711 2633 771 cetera

417 814 983 882 necessitudinum
1008 809 1303 877 nomina’
1327 808 1636 885 referens,
1663 809 1682 840 ‘
1700 806 1909 871 filiam
1937 806 2084 890 ejus
2113 806 2185 870 in
2211 807 2632 871 matrimonio

414 918 723 999 haberet3
772 916 950 1001 quod
992 916 1140 997 ipse
1168 911 1611 977 Rhadamisto
1641 929 1832 974 socer
1861 915 2055 973 esset.
2144 908 2305 973 Non
2348 909 2630 973 abnuere

418 1038 665 1105 pacem
713 1020 969 1095 IberoS,
1002 1033 1382 1100 quanquam
1427 1014 1495 1077 in
1532 1017 1829 1094 tempore
1871 1009 2270 1092 validiores3
2321 1016 2387 1075 et
2435 1011 2628 1077 satis²

421 1123 748 1206 cognitam
778 1119 1239 1184 Armeniorum
1275 1112 1623 1198 perfidiam
1643 1120 1686 1176 :³
1715 1130 1838 1176 nec
1867 1111 2045 1175 aliud
2077 1112 2386 1190 subsidii,
2416 1128 2624 1195 quam

418 1223 786 1298 castellum,
819 1225 1194 1285 commeatu
1220 1235 1498 1299 egenum
1521 1235 1539 1279 z
1561 1220 1592 1260 4
1632 1234 1718 1279 ne
1762 1214 2111 1277 dubitaret⁸
2155 1216 2381 1278 armis⁵
2410 1215 2649 1278 incru-s

483 1396 709 1449 ‚Discem
733 1393 1054 1456 centurionis,
1092 1395 1219 1442 velud
1261 1392 1522 1456 inspectore
1543 1390 1773 1441 liberatas
1798 1389 2070 1454 praefectus,
2092 1388 2295 1439 incitare
2344 1388 2506 1452 coepit
2527 1388 2633 1438 Mi-

415 1458 674 1510 thridatem
695 1461 759 1507 ad
780 1459 1068 1507 conditiones
1096 1459 1229 1522 pacis
1248 1458 1560 1520 accipiendas,
1575 1458 1833 1504 memorans
1856 1453 2290 1504 necessitudinem
2314 1452 2559 1514 fratrum,
2575 1459 2633 1502 et

415 1525 664 1587 maj0rem
687 1530 813 1572 natu
840 1523 1261 1583 Pharasmanem,
1295 1527 1350 1570 et
1385 1527 1564 1570 cetera
1597 1520 2046 1585 propinquitatum
2087 1518 2341 1568 vocabula
2377 1522 2633 1581 ostentans,

418 1586 558 1652 quod
580 1588 740 1638 filiam
776 1587 936 1650 ipsius
965 1586 1304 1636 Pharasmanis
1333 1600 1549 1634 uxorem
1576 1584 1828 1647 duxisset,
1864 1584 2002 1649 quod
2022 1584 2139 1632 huic
2164 1584 2276 1647 ipse
2302 1596 2451 1631 socer
2472 1587 2630 1631 esset.

418 1652 542 1702 Non
575 1666 819 1702 recusare
852 1666 1034 1716 pacem
1072 1652 1277 1713 Iberos,
1319 1650 1449 1699 licet
1483 1665 1548 1698 eo
1590 1657 1824 1712 tempore
1903 1647 2206 1705 utentior-es,
2231 1652 2287 1696 et
2326 1647 2451 1695 satis
2481 1659 2631 1697 nosse

414 1718 569 1781 ipsum
589 1716 827 1766 malefida
852 1716 1212 1766 Armeniorum
1236 1715 1474 1778 ingenia;
1507 1728 1606 1763 nec
1628 1712 1768 1762 alind
1790 1729 1847 1761 su
1927 1713 2084 1775 gium,
2110 1725 2262 1776 quam
2295 1725 2466 1759 arcem
2491 1709 2633 1773 copi·

415 1795 563 1831 arum
585 1781 813 1847 inopem.
881 1781 966 1830 Ne
990 1780 1307 1830 deliberaret
1342 1779 1586 1843 accipere
1611 1779 1745 1828 velle
1768 1777 2086 1827 conditiones
2106 1777 2253 1840 pacis
2278 1775 2456 1840 potius,
2477 1784 2633 1838 qnam

1349 1936 1708 1957 OONOO‘OOOOO

485 2052 514 2098 1
538 2046 682 2096 Male
701 2046 1045 2109 Puteolanus,
1066 2046 1324 2096 Custodiae.
1362 2047 1691 2096 Brotier.--—2
1715 2044 1999 2096 Nicbolaus
2015 2045 2265 2096 Heinsius
2283 2044 2409 2109 legit
2433 2046 2478 2095 ei
2497 2045 2633 2099 satis.

417 2110 516 2173 ·.····3
542 2112 670 2161 Mss.
705 2112 858 2162 Harl.
891 2110 1043 2160 Bodl.
1087 2113 1198 2161 Jes.
1225 2109 1404 2160 Guelf.
1440 2116 1497 2160 et
1538 2110 1794 2160 editiones
1833 2117 2057 2173 veteres,
2088 2109 2635 2175 cognita....perfidia.

421 2174 731 2238 Ferendum,
773 2176 816 2224 si
852 2176 1108 2239 particula
1148 2180 1194 2224 et
1236 2175 1516 2224 deleretur.
1583 2176 1713 2225 Mox
1746 2173 1945 2224 subsidii
1983 2190 2049 2223 ex
2095 2176 2224 2223 Mss.
2263 2175 2400 2225 Flor.
2431 2176 2637 2238 Reg.et

422 2238 652 2289 editione
683 2239 918 2307 principe
955 2240 1207 2304 Ryckius.
1277 2240 1408 2289 Mss.
1443 2239 1600 2288 Harl.
1621 2240 1776 2290 Bodl.
1796 2241 1910 2291 Jes.
1934 2245 1991 2288 et
2022 2239 2365 2302 Puteolanus,
2395 2237 2633 2302 presidii.

421 2302 748 2355 Brotier.——4
787 2305 931 2354 Male
965 2305 1068 2354 Ms.
1092 2306 1301 2354 Far-nes.
1363 2306 1736 2354 Commeataum.
1783 2304 1912 2357 Quis
1947 2303 2083 2355 ferat
2126 2304 2379 2353 Castellum
2411 2318 2637 2351 commea-

420 2368 554 2417 'tuum
589 2367 820 2432 egenam?
861 2369 1120 2418 Idem—5
1155 2369 1241 2418 Sic
1285 2369 1481 2432 optime
1522 2368 1775 2433 Ryckius.
1841 2368 2013 2432 Vul'go
2052 2368 2106 2418 in
2141 2367 2347 2430 scriptis
2390 2375 2446 2416 et
2479 2366 2639 2421 editis

419 2430 589 2497 libris,
624 2436 790 2500 annis,
828 2448 966 2498 qaam
1002 2433 1273 2483 incruentas
1305 2435 1590 2483 conditiones
1627 2434 1779 2484 malle.
1837 2432 2069 2484 Brotier.
2162 2434 2317 2489 Quam
2367 2432 2634 2482 incruentas

1416 2578 1638 2628 NOTAE

497 2681 523 2719 ἲ
563 2676 700 2726 Velut
760 2675 971 2740 alstede]
1046 2674 1285 2724 Dabatur
1341 2681 1487 2725 certe
1570 2680 1672 2738 est,
1692 2689 1759 2724 ne
1783 2674 2052 2725 dubitaret
2076 2676 2231 2725 malle
2264 2689 2448 2741 pacem
2482 2689 2637 2740 quam

423 2753 735 2819 quandoque
758 2760 949 2815 custos,
971 2752 1057 2816 qui
1082 2752 1304 2801 omnium
1329 2752 1487 2801 actio·
1569 2766 1729 2801 arma.

2304 355 2399 423 [Α.
2420 355 2491 407 υ.
2514 356 2630 408 sos.
2708 351 2716 356 ·

421 2841 548 2878 num
603 2829 754 2877 testis
800 2835 856 2877 et
900 2829 1167 2890 inspector
1205 2834 1373 2876 esset:
1432 2833 1489 2877 et

422 2901 565 2953 forte
590 2910 867 2966 propterea
898 2904 1134 2953 centurio
1155 2902 1229 2951 ibi
1251 2917 1353 2952 non
1374 2903 1488 2953 sine

423 2979 763 3042 auctoritate,
804 2986 863 3029 ut
894 2994 950 3029 se
983 2979 1205 3028 invicem
1248 2980 1491 3030 observa-

422 3060 544 3102 rent
578 3054 753 3103 duces.
817 3054 905 3104 Sic
940 3056 1115 3104 Caesar
1154 3055 1307 3104 alicui
1347 3055 1487 3119 prin-

344 3153 354 3163 ·
423 3130 530 3194 cipi
574 3130 863 3180 Galliarum
903 3131 1001 3181 sibi
1034 3139 1275 3195 suspecto
1314 3140 1486 3182 custo-

426 3207 545 3258 dem
562 3207 794 3258 adhibet.

485 3284 576 3334 Sic
590 3292 862 3349 suspectus
876 3284 1114 3336 Tiberius
1137 3299 1311 3335 rerum
1331 3301 1487 3336 nova-

423 3373 564 3421 rum,
599 3360 733 3424 petit
778 3360 1042 3411 custodem
1100 3361 1164 3410 ab
1225 3361 1484 3425 Augusto.

423 3433 640 3486 Sueten.
675 3435 788 3486 Tib.
809 3440 889 3486 12.
911 3437 927 3463 ‘
952 3437 1032 3485 De
1066 3452 1166 3501 qua
1199 3439 1489 3500 suspicione

421 3510 622 3561 certior
643 3511 709 3561 ab
733 3510 967 3575 Angusto
989 3510 1180 3574 factus,
1197 3527 1299 3560 non
1319 3527 1485 3561 cessa-

423 3586 503 3638 vit
525 3585 809 3650 efflagitare
849 3588 1072 3653 aliquem
1111 3587 1386 3650 cujuslibet
1409 3603 1487 3636 or-

425 3660 580 3725 dinis,
627 3663 893 3713 custodem
942 3662 1092 3712 factis
1134 3672 1289 3726 atque
1329 3663 1487 3712 dictis

424 3736 565 3800 suis,’
589 3740 690 3787 διο.

490 3819 511 3844 ¹
544 3812 622 3861 Ne
658 3811 920 3875 dubitaret]
969 3813 1073 3863 Alii
1106 3814 1260 3863 aliter
1282 3819 1489 3863 sumunt

424 3886 562 3937 hunc
595 3889 786 3950 locum,
822 3888 909 3938 alii
948 3888 1127 3939 delent
1156 3888 1214 3937 τὸ
1247 3904 1404 3952 qaam,
1433 3895 1488 3938 et

425 3963 624 4027 legunt,
671 3978 730 4012 ne
767 3963 1006 4015 dubitaret
1038 3966 1184 4016 armis
1220 3967 1490 4016 incruentas

425 4037 716 4088 conditiones
730 4038 884 4088 mana

490 4111 982 4182 Aliibtransponunt,
1002 4131 1062 4166 ne
1090 4115 1330 4166 dubitaret
1352 4119 1492 4167 malle

423 4188 694 4240 incruentas
715 4190 1022 4258 conditiones,
1059 4207 1199 4256 qaam
1229 4193 1394 4258 armis,
1433 4193 1486 4242 id

1635 2827 1742 2876 Alii
1764 2827 1963 2891 legunt,
1983 2842 2042 2877 ne
2073 2827 2292 2877 dubitare
2312 2830 2478 2894 armis,
2495 2844 2636 2894 quam

1567 2905 1841 2954 incruentas
1860 2905 2148 2954 conditiones
2168 2906 2341 2954 mallet.

1650 2981 1757 3030 Sed
1800 2996 1898 3045 pro
1942 2982 2099 3043 genio
2139 2980 2332 3043 Taciti,
2380 2979 2507 3029 nihil
2559 2979 2636 3029 ibi

1570 3056 1754 3105 deesse
1792 3055 2050 3106 existimo.
2119 3055 2190 3105 Et
2218 3055 2292 3105 sic
2332 3055 2516 3118 capi03
2565 3067 2635 3104 ne

1570 3130 1851 3195 dubitaret,
1881 3146 1948 3180 ne
1981 3131 2260 3195 cogitaret,
2283 3145 2348 3180 ne
2380 3130 2633 3179 delibera-

1569 3214 1653 3258 ret
1678 3208 1832 3257 malle
1872 3209 2046 3272 armis,
2084 3223 2271 3272 nempe
2301 3215 2543 3256 cruentas
2578 3213 2636 3256 et

1569 3284 1715 3347 belli,
1754 3300 1908 3349 quam
1939 3286 2236 3334 incruentas
2276 3284 2418 3346 pacis
2458 3282 2633 3332 condi·

1567 3359 1733 3408 tiones
1774 3359 2030 3422 accipere.
2113 3358 2199 3406 Ne
2240 3356 2523 3418 dubitaret,
2563 3370 2635 3405 ne

1569 3436 1889 3486 deliberaret
1930 3436 2084 3485 malle
2120 3434 2444 3484 conditiones
2490 3434 2636 3500 belli,

1569 3527 1723 3575 quam
1761 3512 2084 3561 conditiones
2112 3510 2490 3573 pacis3'ita·ut
2526 3523 2632 3563 vox

1565 3588 1853 3637 conditiones
1885 3601 1980 3650 pro
2013 3600 2155 3634 more
2178 3585 2405 3635 Cornelii
2437 3586 2633 3637 refera-

1567 3663 1655 3712 tur
1670 3665 1736 3712 ad
1759 3667 1859 3714 duo
1883 3664 2110 3727 diversa,
2138 3679 2303 3728 pacem
2328 3679 2537 3729 nempe,
2575 3673 2633 3714 et

1567 3738 1750 3788 bellum.

1633 3817 1766 3865 Sunt
1788 3816 2111 3867 conditiones
2135 3817 2281 3879 belli,
2313 3823 2434 3867 sunt
2458 3823 2512 3867 et
2540 3832 2632 3881 pa-

1569 3890 1662 3951 ciS,
1677 3897 1735 3940 ut
1754 3898 1812 3942 et
1832 3892 1979 3956 signa
2001 3893 2179 3956 etiam,
2194 3892 2488 3957 cujusmodi
2510 3894 2632 3944 elim

1569 3966 1710 4017 misit
1734 3971 1954 4032 populus
1979 3971 2133 4019 Rom.
2155 3970 2222 4020 ad
2257 3970 2631 4033 Carthaginen-

1569 4057 1685 4104 ses;
1717 4057 1905 4108 nempe
1921 4045 2108 4096 hanam
2124 4052 2180 4097 et
2199 4049 2468 4111 caduceum,
2482 4055 2541 4096 ut
2562 4061 2632 4096 ex

1569 4119 1631 4168 iis
1687 4127 1859 4171 utrum
1903 4121 2118 4189 vellent,
2167 4122 2440 4188 eligerent,
2494 4129 2633 4173 teste

1567 4196 1741 4247 Gellio
1764 4210 1819 4247 x.
1840 4203 1922 4249 2⁷.
