3100 4925
551 420 727 487 1518

1225 471 1231 478 .
1253 435 1322 483 Os
1367 431 1732 482 CORNELII
1774 432 2045 481 TAorTr

2428 437 2524 506 [Α.
2540 435 2612 490 11.
2634 430 2773 489 slo·.'

547 585 621 646 nt
644 580 1119 664 relinqueretur
1145 578 1559 663 poenitentiae
1588 582 1707 642 aut
1726 595 1906 642 novo
1934 576 2280 641 beneficio*
2312 577 2536 643 loeus:
2579 597 2753 662 quos

548 745 847 796 libertatem
883 743 1178 809 invaluisse,
1214 749 1273 794 ut
1308 743 1523 793 daretur
1563 743 1770 793 occasio
1808 749 1901 793 aut
1936 742 2211 792 revocandi
2254 741 2483 792 muneris
2518 747 2607 792 aut
2631 742 2756 802 novi

1549 886 1761 937 NOTAE

549 1026 660 1062 ren
692 1013 765 1062 itn
799 1012 1038 1062 dit-ebat:
1078 1012 1222 1061 Hune
1242 1003 1472 1061 hominem
1494 1010 1611 1059 libe·

548 1104 654 1140 ran·
694 1102 792 1138 asse
832 1092 965 1138 volo.-
1019 1094 1076 1137 et
1114 1088 1389 1137 emittebat
1422 1101 1540 1136 eum
1579 1100 1613 1135 e

548 1169 737 1218 manu?

614 1239 867 1292 Attamen
903 1237 1025 1288 alibi
1068 1236 1206 1287 idem
1243 1235 1483 1302 Sigonius
1520 1235 1610 1286 do·

549 1322 656 1380 cet,
691 1313 963 1375 Romanos,
993 1327 1081 1362 eos
1113 1327 1239 1377 quos
1278 1313 1612 1361 manumitte·

548 1392 694 1454 baut,
732 1393 885 1455 alapa
921 1404 1211 1455 percussos,
1232 1388 1612 1451 circumegisse,

549 1474 704 1532 atque
726 1467 800 1516 ita
820 1466 889 1515 de
909 1479 1062 1515 mauu
1081 1464 1321 1525 misisse}

612 1541 821 1590 Proetor
840 1546 1013 1590 autem
1035 1539 1283 1601 vindicta,
1304 1538 1358 1586 id
1381 1543 1480 1599 est,
1512 1536 1615 1586 vir-

549 1633 635 1681 ga,
652 1617 885 1682 ejusdem
908 1616 1044 1666 servi
1070 1616 1235 1681 capiti
1260 1615 1518 1678 imposita,
1534 1613 1613 1662 ita

549 1693 783 1756 dicebat,
820 1693 927 1743 dico
967 1707 1074 1742 ssa
1112 1690 1311 1741 liber-uns
1351 1704 1449 1738 esse
1484 1702 1614 1740 mors

552 1771 818 1827 Quiritum
883 1770 1015 1820 Inde
1059 1782 1334 1819 conversus
1367 1759 1613 1815 ad'licto·

549 1861 677 1909 rem,
698 1845 958 1895 addebat:
984 1846 1234 1895 secudum
1255 1848 1387 1892 mm
1407 1857 1615 1905 casam,

546 1923 691 1972 sicuti
728 1921 855 1984 dixi,
892 1935 994 1971 ecce
1032 1921 1126 1970 tibi
1167 1919 1394 1969 vindicta.
1475 1919 1612 1967 Tum

548 1997 721 2059 lictor,
755 2004 980 2059 accepta
1016 2011 1048 2045 a
1088 2002 1317 2059 praetore
1362 1990 1613 2056 vindicta,

551 2078 713 2135 caput
743 2072 882 2121 servi
913 2070 1263 2136 percutiebat,
1283 2069 1470 2119 faciem
1503 2070 1612 2133 pal-

548 2162 653 2210 ma,
675 2156 981 2212 tergumque
1001 2146 1329 2196 verberabat.

614 2217 818 2275 Quibus
840 2222 988 2287 actis,
1008 2236 1194 2272 nomen
1225 2220 1519 2271 manumissi
1556 2221 1610 2270 in

552 2307 672 2351 acta
714 2315 746 2349 a
788 2299 965 2350 scriba
1004 2297 1349 2358 referebatur,
1402 2296 1612 2360 adjecta

549 2392 706 2428 eausa
726 2377 1148 2427 manumissionis.
1207 2376 1391 2439 Neque
1416 2378 1611 2436 praetor

550 2454 615 2504 ad
672 2454 898 2504 tribunal
944 2459 1146 2504 tautum
1196 2450 1611 2513 manumittebat,

550 2530 643 2580 sed
671 2529 827 2580 etiam
852 2543 968 2578 cum
1005 2529 1173 2579 exiret
1194 2528 1362 2589 domo,
1384 2526 1612 2588 lavandi,

552 2605 808 2670 gestandi,
841 2614 932 2653 aut
969 2605 1202 2654 indorum
1242 2617 1414 2652 causa.
1475 2604 1608 2653 Haec

549 2680 793 2743 semaa.

614 2758 848 2807 Fuerunt
870 2760 925 2805 et
947 2755 1033 2804 alii
1053 2761 1162 2805 tres
1176 2753 1315 2805 modi
1339 2754 1613 2804 manumit-

549 2833 715 2892 tendi,
735 2847 863 2897 quos
885 2831 1248 2883 Jnrisconsulti
1270 2830 1506 2880 naturales
1525 2846 1627 2884 vo-,

551 2916 695 2971 cant,
718 2923 905 2972 nempe
927 2909 1055 2957 inter
1074 2908 1264 2970 amieos,
1280 2920 1370 2968 per
1388 2919 1611 2967 mnam,

550 2992 605 3034 et
620 3000 710 3049 per
726 2985 986 3047 epidohnz.

617 3061 758 3109 Inter
786 3058 959 3107 amicos
992 3056 1072 3118 fit,
1104 3072 1219 3106 cum
1263 3056 1606 3120 praesentibus

551 3135 729 3186 amicis
765 3148 945 3183 servus
979 3148 1011 3181 a
1052 3133 1258 3182 domiuo
1296 3134 1610 3182 manumitti·

551 3217 670 3270 ταῖς
702 3224 788 3272 per
808 3223 1030 3270 mmmm,
1048 3223 1184 3270 cnm,
1205 3209 1460 3258 libertatis
1483 3208 1611 3257 dau-

550 3288 633 3336 dae
672 3292 847 3346 causa,
895 3300 1074 3334 servus
1119 3285 1356 3334 convivio
1397 3285 1610 3333 adhibe-

549 3369 671 3424 tur-3
702 3374 788 3427 per
808 3362 1065 3425 epistolam,
1088 3354 1295 3425 quando
1315 3375 1467 3410 servo
1488 3359 1612 3410 alibi

551 3439 782 3504 degenti,
796 3439 957 3488 missis
978 3437 1167 3499 literis,
1199 3453 1230 3486 a
1264 3436 1470 3487 domino
1492 3451 1611 3501 per-

548 3517 781 3568 mittitur
805 3522 863 3566 ut
886 3516 1021 3564 liber
1037 3514 1198 3563 vivat.

615 3594 721 3646 Qui
759 3600 934 3643 tamen
984 3591 1058 3640 sic
1105 3589 1400 3638 manumissi
1444 3594 1614 3652 erant,

548 3669 797 3719 minorem
818 3669 1113 3717 libertatem
1143 3666 1610 3729 consequebantur,

551 3750 608 3794 et
646 3744 820 3794 Latini
861 3744 1074 3794 Juniani
1117 3743 1440 3806 dicebantur,
1490 3744 1610 3806 lege

548 3820 706 3872 ,lunia
751 3819 1017 3880 Norbana,
1061 3833 1176 3867 cum
1223 3819 1308 3868 alii
1353 3819 1611 3881 prioribus

549 3897 713 3947 modis
730 3897 1024 3946 manumissi
1057 3896 1299 3958 majorem
1338 3904 1394 3944 et
1413 3897 1607 3958 justam

549 3978 990 4036 consequerentur
1026 3971 1345 4034 libertatem,
1376 3979 1433 4022 et
1467 3973 1608 4023 cives

551 4051 700 4101 Rom:
719 4048 925 4098 fierent.

615 4125 691 4177 At
713 4126 818 4192 qui,
839 4127 959 4175 dum
986 4125 1228 4187 serviret,
1263 4123 1435 4175 fuerat
1468 4126 1608 4175 notis

547 4209 906 4267 compunctus,
937 4208 1028 4251 aut
1064 4202 1115 4250 in
1155 4202 1412 4265 publicum
1435 4216 1609 4252 carce-

550 4290 660 4328 rem
698 4279 985 4344 conjectus,
1034 4286 1125 4329 aut
1160 4287 1376 4344 propter
1410 4280 1607 4330 crimen

1606 2715 1611 2719 -
1689 2678 1848 2742 dicta,
1872 2695 2047 2742 censu,
2087 2688 2401 2730 testamento
2439 2679 2582 2729 data.

1688 1011 1824 1074 quod
1871 1010 2175 1061 verberibus
2219 1006 2439 1058 affectus
2482 1003 2755 1057 conFessus‘

1687 1095 1845 1149 esset,
1867 1093 1974 1137 tum
1997 1088 2040 1136 si
2065 1093 2246 1150 postea
2281 1085 2760 1146 manumitteretur,

1687 1177 1753 1211 ex
1777 1164 1895 1228 lege
1920 1163 2052 1214 AElia
2076 1164 2258 1214 Sextia
2279 1169 2481 1212 tantum
2501 1161 2756 1212 dedititius

1687 1238 1808 1302 fuit,
1828 1247 1882 1291 et
1904 1240 2131 1291 infimam
2153 1241 2448 1291 libertatem
2471 1238 2666 1288 babuit.
2742 1248 2754 1260 ¹

1757 1316 1842 1367 Sic
1883 1317 2044 1367 veluti
2086 1317 2274 1382 triplex
2309 1314 2567 1365 libertatis
2589 1325 2756 1378 genus

1692 1391 1934 1456 dabatur,
1971 1394 2137 1457 major
2173 1408 2289 1457 quoe
2328 1398 2387 1442 et
2415 1392 2554 1451 justa
2593 1391 2759 1459 dicta,

1692 1472 1748 1517 et
1768 1469 1934 1519 minor
1954 1484 2069 1534 qnae
2089 1468 2345 1519 Junimm
2376 1467 2673 1527 Latinorum
2697 1472 2759 1517 et

1690 1543 1885 1607 intima,
1914 1560 2031 1610 quae
2069 1544 2416 1595 Deditffim
2454 1544 2761 1606 Mamm,

1690 1618 1777 1683 qui
1800 1620 2067 1669 civitatem
2104 1619 2324 1683 adipisci
2355 1632 2458 1669 uon
2495 1623 2759 1684 poteraut,

1690 1700 1827 1745 teste
1851 1697 2061 1746 Sueton.

1756 1774 1895 1821 Duas
1913 1773 2108 1836 species]
2142 1772 2288 1822 Idem
2334 1771 2501 1821 innuit
2539 1770 2758 1820 Sueten«

1691 1846 1827 1910 Aug.
1851 1851 1933 1896 4⁰.
1956 1848 1972 1874 ‘
1996 1847 2183 1896 Servos
2208 1860 2308 1896 non
2332 1851 2609 1896 contentus
2628 1845 2759 1895 mul-

1694 1923 1762 1971 tis
1779 1921 2172 1972 difficultatibus
2192 1938 2220 1971 s
2239 1922 2498 1982 libertate,
2518 1929 2572 1971 et
2589 1922 2757 1971 multo

1691 1998 1926 2060 pluribus
1961 2013 1991 2045 a
2014 1998 2260 2048 libertate
2289 1998 2438 2062 justa
2460 1997 2758 2061 removisse,

1691 2087 1808 2122 cum
1825 2080 1882 2123 et
1904 2075 1968 2122 de
1986 2087 2197 2123 numero
2219 2081 2274 2122 et
2293 2074 2358 2121 de
2377 2073 2674 2123 conditione
2694 2088 2756 2142 ac

1612 2177 1617 2182 -
1691 2146 1990 2199 differentia
2012 2164 2186 2199 eorum
2209 2149 2296 2213 qui
2333 2149 2753 2198 manumittenti-

1690 2230 1775 2274 tur
1798 2226 2002 2274 curiose
2023 2226 2266 2288 cavisset,
2286 2225 2383 2274 hoc
2415 2238 2621 2289 quoque
2662 2223 2758 2273 ad-

1681 2301 1838 2365 jecit,
1876 2316 1943 2350 ne
1983 2301 2189 2350 vinctus
2245 2315 2472 2365 unquam
2516 2306 2757 2350 tortusve

1691 2377 1822 2441 quis,
1843 2377 1949 2426 ullo
1970 2376 2231 2426 libertatis
2266 2389 2455 2441 genere
2485 2375 2753 2426 civitaten

1691 2451 2099 2515 adipisceretur.’

1756 2529 1862 2577 Ubi
1903 2529 1976 2578 sic
2017 2528 2255 2592 Lipsius:
2304 2526 2515 2577 libertas
2537 2528 2751 2591 duplex,

1675 2605 1827 2667 justa,
1863 2620 1954 2654 non
1977 2604 2150 2665 Jma:
2189 2605 2299 2654 brec
2325 2604 2479 2664 justa,
2501 2619 2619 2668 quae
2640 2604 2753 2653 vin-

2637 2681 2751 2730 Non

1676 2757 1830 2820 justa,
1853 2772 1969 2821 quae
2003 2758 2141 2807 inter
2178 2758 2388 2816 amicos,
2410 2755 2465 2804 in
2494 2755 2750 2818 convivio,

1690 2849 1786 2899 per
1806 2835 2076 2897 epistolam
2100 2835 2339 2885 dabatur.

1754 2918 1775 2944 ‘
1809 2912 2106 2962 Poenitentioe
2122 2917 2207 2962 aut
2226 2927 2343 2961 nono
2364 2908 2610 2977 beneficio]
2630 2910 2753 2961 1>oe-

1689 2988 1943 3049 nitentiae,
1988 2996 2047 3038 ut
2096 2989 2384 3038 retraheres
2435 2988 2491 3036 in
2536 2985 2755 3036 servitu·

1687 3066 1823 3113 teni:
1859 3063 2130 3126 beneflcio,
2149 3073 2207 3113 ut
2231 3063 2465 3113 vindicta
2485 3063 2750 3113 liberares.

1688 3139 1777 3188 Ita
1809 3141 1946 3204 apud
1987 3139 2213 3188 Plinium
2237 3140 2404 3202 Epist.
2426 3140 2462 3188 1.
2488 3150 2590 3188 vu.
2610 3141 2627 3168 ⁴
2655 3139 2754 3187 Fa-

1688 3217 1787 3265 cile
1820 3214 2071 3266 deflectet
2095 3215 2158 3264 ad
2186 3222 2257 3275 te,
2280 3216 2322 3264 si
2354 3215 2495 3264 voles
2517 3214 2751 3264 vindicta

1687 3290 1928 3353 liberare,
1957 3305 2085 3355 quos
2125 3291 2354 3353 proxime
2393 3290 2530 3339 inter
2559 3290 2751 3340 amicos

1688 3366 2060 3417 manumisisti!
2120 3365 2329 3428 Lepsia&

1754 3442 2057 3492 Poenitentioe
2077 3445 2162 3491 ant
2181 3456 2297 3491 novo
2328 3441 2573 3508 beneficio]
2594 3439 2754 3489 Poent·

1688 3518 1855 3567 tentioe
1893 3532 2101 3581 nempe,
2138 3532 2240 3581 qua
2281 3517 2636 3566 retraheretur
2672 3514 2750 3564 in-

1689 3604 1863 3658 gratus
1886 3595 1936 3644 in
1960 3594 2263 3644 servitutem
2295 3592 2602 3656 pessimam3
2633 3604 2751 3640 noes

1690 3671 1925 3737 beneflcio,
1943 3685 2046 3735 quo
2065 3670 2174 3720 scii.
2206 3669 2424 3732 primum
2447 3668 2571 3718 data
2593 3667 2749 3717 liber·

1692 3756 1772 3798 tas
1796 3746 2189 3799 confirmaretur
2207 3746 2626 3810 sanciretnrque3
2655 3758 2751 3793 sen
2772 3804 2777 3809 ἡ

1688 3829 1963 3888 postquam
2005 3822 2213 3872 ademta
2243 3828 2379 3872 esset
2423 3821 2638 3870 libertas
2671 3820 2752 3868 in-

1687 3906 1837 3963 grato
1852 3899 2059 3959 liberto,
2073 3910 2258 3963 nempe
2276 3913 2370 3961 per
2388 3896 2749 3962 poenitentiam

1687 3975 1928 4025 beneficii
1967 3974 2161 4037 collati,
2192 3988 2309 4022 mox
2347 3987 2523 4023 rursus
2556 3973 2632 4021 ini
2665 3984 2752 4022 ea·

1688 4053 1805 4102 dem
1827 4053 2043 4103 libertas
2077 4064 2211 4101 novo
2235 4050 2488 4103 beneficio
2509 4049 2752 4100 restitue·-
2814 4045 2823 4051 ”

1688 4136 1849 4252 roz-Itur.
1915 4127 2019 4178 Sed
2048 4127 2186 4192 prior
2207 4140 2384 4178 sensus
2417 4125 2584 4191 magis
2607 4123 2754 4176 forte'
2814 4200 2819 4203 .

1687 4218 1719 4253 a
1776 4217 1899 4254 rem.
